3317 5134
1551 489 1630 554 57

517 691 618 751 Ita
663 690 939 770 legimus
985 691 1184 771 Vesp.
1235 711 1330 752 vs,
1377 703 1548 769 455:
1597 691 1845 768 βλέπειν
1882 693 2199 776 κάρδαμα.
2228 690 2671 775 (nasturtium)

517 816 662 877 Pae.
735 837 830 878 vs,
889 817 1089 893 1184:
1161 815 1410 894 βλέπειν
1479 821 1634 878 ἕπον.
1704 819 1997 901 (succum
2062 816 2191 892 fici,
2240 837 2373 897 quo
2418 816 2671 896 coaguli

517 942 662 1003 loco
733 942 1083 1004 utebantur
1148 942 1445 1022 antiqui.)
1509 942 1675 1004 Ran.
1740 963 1832 1006 vs,
1882 943 2045 1023 603:
2093 941 2338 1022 βλέπειν
2376 943 2668 1026 ὀρίγανον.

517 1071 644 1150 Eq.
694 1090 788 1132 vs,
838 1066 1009 1148 631:
1059 1067 1308 1148 βλέπειν
1356 1073 1534 1130 νάπυ.
1581 1067 1845 1153 (sinapi)

609 1194 782 1258 Ach.
832 1216 928 1256 vs,
979 1207 1110 1273 254
1158 1205 1366 1257 mater
1413 1194 1640 1272 filiam,
1700 1216 1867 1276 quae
1912 1193 2313 1278 canephorae
2352 1197 2489 1257 vice
2534 1197 2673 1256 fun—

517 1325 693 1403 gitur
739 1323 802 1382 in
849 1341 1128 1402 pompa,
1168 1341 1370 1401 quam
1407 1321 1815 1401 Dicaeopolis
1856 1322 2163 1398 instituit,
2206 1323 2296 1383 ita
2329 1321 2669 1384 admonet:

790 1446 928 1525 ἄγ’,
977 1446 1022 1508 ὦ
1071 1446 1375 1532 θύγατερ,
1425 1452 1575 1518 ὅπως
1621 1449 1689 1509 τὸ
1737 1447 1953 1510 κανοῦν
1994 1449 2155 1524 καλὴ
2192 1446 2393 1518 καλῶς

787 1577 991 1645 οἴσεις,
1043 1572 1358 1652 βλέπουσα
1413 1571 1879 1656 θυμβροφάγον.

519 1699 818 1784 Θυμβρόν
883 1699 1186 1761 acerbum
1263 1700 1458 1760 etiam
1519 1708 1618 1761 est
1657 1699 1831 1774 oluS,
1875 1697 2187 1778 βλέπουσα
2227 1697 2674 1783 θυμβροφάγον

518 1825 714 1904 igitur
757 1823 1114 1905 significat:
1179 1834 1516 1905 aspectum
1564 1822 1812 1885 habens
1856 1824 2105 1905 puellae
2150 1825 2393 1905 probae
2437 1845 2513 1888 ac
2558 1823 2673 1888 ho-

517 1959 774 2024 nestae,
828 1969 958 2010 non
1004 1949 1203 2010 cuivis
1251 1948 1464 2012 facilis,

607 2113 851 2175 Multas
897 2112 1312 2194 metaphoras
1361 2122 1578 2175 noster
1625 2114 1819 2176 etiam
1861 2113 2261 2195 deprompsit
2298 2135 2335 2176 e
2374 2117 2674 2196 parandis

516 2240 716 2316 cibis,
765 2261 802 2302 e
851 2240 1186 2321 depsendo
1231 2240 1559 2302 miscendo
1607 2240 1965 2320 coquendo,

611 2366 921 2446 Loquens
983 2366 1064 2427 de
1111 2367 1360 2427 comico
1407 2373 1603 2446 poeta
1653 2365 1947 2440 Cratete‚
1998 2365 2121 2446 Eq.
2169 2387 2244 2427 vs
2317 2369 2439 2446 538
2486 2367 2671 2430 dicit:

521 2489 876 2576 (Κράτης)
895 2494 954 2560 ὅς
971 2492 1090 2555 απὸ
1108 2495 1366 2575 σμικροῖς
1383 2491 1654 2566 δαπάνης
1678 2493 1841 2568 ὑμᾶς
1858 2466 2173 2575 ἀριστίζῷν
2188 2492 2243 2571 (¹
2262 2491 2289 2574 )
2316 2492 2675 2571 ἀπέπεμπεν

519 2617 642 2679 ἀπὸ
687 2616 1136 2700 κραμβοτάτου
1182 2621 1494 2694 στόματος
1544 2616 1805 2694 μάττων
1853 2615 2263 2687 ἀστειοτάτας
2310 2624 2583 2689 ἐπινοίας.

517 2756 631 2835 qui
721 2755 978 2816 modico
1063 2762 1283 2817 sumtu
1378 2775 1498 2815 vos
1589 2755 1857 2835 prandio
1950 2765 2173 2836 pastos
2266 2759 2673 2842 remittebat,

516 2879 586 2966 (e
647 2880 904 2943 theatro
967 2881 1236 2942 domum
1285 2880 1446 2954 scil.)
1507 2901 1592 2941 ex
1655 2880 2122 2961 simplicissimo
2168 2904 2279 2945 ore
2325 2887 2674 2948 sententias

517 3007 782 3088 pinsens
831 3026 1143 3087 perquam
1195 3005 1491 3067 urbanas,

519 3132 638 3194 Ad
697 3132 897 3194 verba
972 3130 1420 3216 κραμβοτάτου
1487 3133 1801 3208 στόματος
1864 3131 2057 3193 Kock
2121 3144 2426 3197 annotat:
2490 3137 2674 3198 einen

517 3255 920 3319 nuchternen
991 3258 1204 3318 reinen
1276 3254 1477 3318 durch
1551 3257 1675 3318 den
1740 3257 1997 3320 Genusz
2058 3258 2339 3322 leckerer
2407 3260 2675 3342 Speisen

517 3382 700 3446 nicht
744 3383 1188 3444 verdorbenen
1239 3382 1581 3456 Gcsmack.

611 3509 778 3572 Cum
836 3508 960 3571 hoc
1028 3508 1171 3569 loco
1231 3508 1587 3588 comparari
1651 3517 1924 3587 possunt
1982 3529 2151 3589 quae
2198 3510 2502 3592 leguntur
2546 3517 2672 3598 Eq.

511 3656 614 3696 vs,
667 3636 816 3712 815,
868 3634 976 3695 ubi
1021 3633 1374 3694 botularius
1429 3631 1911 3713 Paphlagonem
1957 3646 2179 3716 rogat:

1496 3757 1567 3819 σι)
1613 3757 2034 3838 Θεμιστοκλεῖ
2057 3762 2492 3849 ἀντιφερι’ζεις;

657 3884 715 3954 ὂς
763 3887 1026 3959 ἐποίησεν
1072 3884 1181 3960 τὴν
1222 3885 1388 3945 πόλιν
1437 3881 1602 3962 ἡμῶν
1651 3886 1885 3962 μεστὴν
1909 3883 1992 3971 (?)
2041 3889 2217 3972 εὑρὼν
2242 3889 2538 3971 ἐπιχειλῆ,

654 4012 764 4071 καὶ
807 4009 943 4094 πρὸς
990 4011 1218 4079 τούτοις
1263 4009 1560 4093 ἀριστώσῃ
1607 4010 1711 4070 τὸν
1756 4008 2022 4097 Πειραιοῖ
2066 4018 2467 4099 προσέμαξεν.

592 4259 644 4325 ¹)
681 4261 936 4322 Compara
969 4267 1165 4307 nostras
1197 4260 1477 4308 locutiones
1505 4277 1517 4310 :
1546 4262 1723 4308 smaak
1742 4261 1964 4324 bezitten,
1981 4267 2258 4329 smaakvol‚
2280 4277 2339 4333 op
2357 4285 2441 4319 een
2463 4274 2682 4322 verhaal

508 4358 815 4412 tractarat,
856 4351 1058 4416 leugens
1091 4351 1391 4414 opdisschen.
1425 4357 1519 4402 cet.
