3317 5134
1613 515 1691 578 Ι9

571 706 809 768 insulso
872 707 1174 788 loquendi
1221 725 1456 787 genere
1517 705 1863 786 aliquando
1914 709 2008 768 usi
2054 707 2283 770 fuerint
2328 707 2429 769 alii
2474 709 2719 770 comici.

571 829 844 893 Servum
891 831 1329 895 clamitantem
1378 832 1769 894 inducebant
1815 833 1875 893 in
1924 852 2215 909 scenam,

571 993 638 1054 ἤι’
689 997 720 1056 0‘
764 995 1074 1066 σύνδουλος
1118 996 1371 1074 σκώψας
1418 995 1610 1057 αὐτοῦ
1653 993 1772 1066 τοὶς
1818 994 2069 1073 πληγὰς
2116 993 2225 1058 εἶτ’
2274 993 2541 1080 ἀνέροιτο

570 1118 658 1191 ,,ὦ
695 1122 1084 1200 κακόδαιμον,
1114 1125 1179 1183 τί
1220 1120 1290 1183 τὸ
1316 1121 1486 1205 δέρμ’
1538 1119 1789 1198 ἔπαθες
1830 1126 1961 1200 μῶν
1985 1122 2257 1206 ὑστριχὶς
2292 1119 2612 1202 εἰσέβαλέν
2635 1141 2722 1182 σοι

571 1243 629 1314 ἐς
675 1243 792 1315 τοὶς
837 1245 1100 1331 πλευρὰς
1149 1249 1340 1326 πολλῇ
1387 1252 1657 1332 στρατιᾷ
1703 1243 2216 1333 κάδενδροτόμησε
2263 1247 2332 1309 τὸ
2379 1246 2640 1322 νῶτον;”

661 1497 901 1578 Frigidi
981 1498 1100 1559 ioci
1183 1519 1411 1559 ansam
1498 1498 1798 1580 praebuit
1866 1497 2257 1568 vocabulum
2334 1497 2714 1579 ambiguum

567 1624 876 1707 ὑστριχίς,
945 1624 1123 1705 quod
1193 1633 1258 1685 et
1331 1623 1663 1705 flagellum
1725 1623 2043 1705 significat
2088 1633 2155 1685 et
2199 1623 2435 1686 animal
2481 1623 2718 1686 aculeis

568 1749 850 1829 undique
889 1749 1190 1826 horrenS‚
1231 1750 1409 1831 quod
1451 1750 1749 1812 novimus
1788 1768 2031 1810 omnes.
2072 1749 2215 1810 Iure
2253 1757 2472 1834 autem
2500 1751 2718 1810 noster

563 1873 810 1936 deridet
895 1875 1242 1937 dictionem
1327 1873 1669 1937 obscuram
1756 1884 1822 1936 et
1904 1873 2359 1956 ampullatam,
2430 1894 2561 1955 qua
2627 1895 2715 1936 ex

563 2001 805 2063 scutica
850 2000 924 2062 fit
963 1999 1198 2062 animal
1246 2000 1534 2062 muribus
1572 2000 1907 2076 infestum,
1948 1998 2074 2061 hoc
2113 2009 2331 2062 autem
2369 1999 2715 2080 derepente

563 2134 851 2187 mutatur
910 2126 970 2187 in
1033 2124 1292 2188 hostem
1352 2125 1761 2202 bellicosum,
1821 2126 1932 2207 qui
1982 2125 2199 2188 multis
2244 2126 2445 2206 copiis
2492 2125 2713 2187 miselli

563 2251 794 2312 servuli
854 2260 1110 2333 tergum
1157 2252 1456 2315 invadere
1502 2261 1568 2314 et
1615 2262 1850 2314 cuncta
1894 2252 1981 2313 ibi
2027 2272 2211 2314 urere
2256 2262 2454 2333 atque
2497 2272 2712 2314 secare

560 2377 808 2439 dicitur.
878 2378 1157 2440 Tumide
1225 2377 1383 2440 haec
1430 2379 1637 2455 dicta,
1703 2378 2019 2459 absurde,
2068 2398 2298 2458 parum
2344 2377 2706 2460 eleganter;

559 2523 957 2584 quamquam
1029 2524 1109 2564 ne
1178 2504 1389 2584 ipsum
1451 2505 1711 2583 quidem
1772 2502 2284 2597 ‘Aristophanem
2344 2503 2429 2564 ab
2490 2502 2707 2566 huius-

561 2627 733 2688 modi
780 2627 1018 2690 facetiis
1053 2627 1320 2691 inficetis
1363 2628 1748 2692 abstinuisse
1787 2629 1947 2713 facili
1987 2630 2248 2710 negotio
2286 2629 2708 2691 demonstrari

544 2762 792 2834 potest.
842 2751 971 2815 Sed
1019 2774 1146 2815 non
1195 2755 1393 2816 nostri
1443 2755 1503 2816 id
1549 2764 1646 2816 est
1697 2755 2082 2836 argumenti.

1397 3194 1845 3259 SIMIAE.

641 3371 846 3433 Estne
892 3371 1062 3434 aliud
1110 3372 1348 3434 animal
1393 3373 1456 3433 in
1503 3382 1645 3435 toto
1693 3372 1849 3434 orbe
1893 3382 2206 3435 terrarum
2252 3381 2388 3434 tam
2434 3381 2663 3452 aptum
2685 3421 2700 3448 ‚

555 3517 635 3557 ne
675 3497 883 3559 dicam
930 3497 1218 3578 dignum,
1273 3497 1451 3579 quod
1498 3500 1908 3579 comparetur
1952 3518 2101 3560 cum
2146 3496 2449 3560 homine?
2494 3497 2703 3558 Immo

555 3641 710 3683 vero
780 3621 1099 3684 interdum
1170 3622 1530 3704 appellatur
1594 3621 1794 3685 homo
1867 3623 2105 3705 (orang
2159 3585 2441 3707 oei‘ang).
2508 3622 2702 3684 Omni

553 3756 849 3829 tempore
915 3746 1076 3810 haec
1137 3747 1500 3810 similitudo
1530 3748 1851 3829 displicuit
1898 3747 2308 3827 mortalibuS,
2358 3747 2468 3829 qui
2528 3745 2702 3809 haud

551 3870 821 3933 libenter
903 3871 1064 3933 illius
1125 3873 1324 3953 partis
1393 3883 1661 3936 naturae
1730 3893 1918 3950 suae,
1990 3893 2157 3952 quae
2224 3881 2323 3934 est
2366 3871 2664 3934 bestiaria
2683 3920 2698 3951 ,

550 3995 998 4058 admonentur.
1061 3994 1128 4058 Si
1191 3997 1444 4059 simiam
1505 3998 1650 4078 quis
1696 3997 1980 4080 appellat
2026 3996 2391 4074 hominem,
2440 4005 2702 4059 strenue

551 4123 608 4183 ei
657 4121 824 4184 male
867 4121 1036 4183 dicit.

637 4246 991 4308 Videamus
1035 4267 1164 4327 qua
1212 4247 1456 4309 ratione
1506 4257 1722 4310 noster
1762 4258 1979 4311 utatur
2015 4249 2197 4309 simia
2234 4248 2318 4309 ad
2341 4247 2693 4324 ridendum,

548 4391 712 4452 quos
758 4373 941 4433 rideri
988 4371 1162 4434 vult.'
