3317 5134
1537 472 1616 534 91

594 660 914 723 Alludens
978 662 1060 723 ad
1128 663 1574 725 carbonarium
1633 662 1961 744 opificium
2032 664 2438 745 Dicaeopolis
2499 675 2653 744 post

502 786 1017 849 Acharnicorum
1062 809 1290 850 senum
1335 790 1542 850 minas
1589 786 1759 851 Ach.
1810 810 1901 850 vs.
1960 805 2076 868 321
2132 785 2489 851 exclamat:

769 911 883 1004 οἷον
929 911 1010 973 αὖ
1057 915 1258 990 μέλας
1304 936 1395 984 τις
1443 915 1585 993 ὑμῖν
1630 911 1935 993 θυμάλωψ
1986 910 2282 995 ἐπέζεσεν.

497 1036 708 1117 qualis
785 1038 981 1119 fuligo
1050 1039 1412 1101 iracundiae
1483 1041 1545 1101 in
1608 1039 1795 1101 vobis
1856 1039 2226 1103 effervescit.
2299 1040 2420 1136 (Cf.
2490 1041 2648 1103 Eur.

501 1165 754 1227 Hecub.
808 1163 985 1245 583.)

589 1366 834 1429 EccleS.
876 1387 965 1426 vs
1000 1366 1130 1428 826
1167 1367 1414 1446 tropice
1438 1366 1703 1428 dicitur:
1742 1387 1892 1428 cum
1920 1369 2358 1448 unusquisque
2382 1389 2649 1449 exspec-

499 1502 668 1554 taret
717 1492 964 1554 lucrum
1017 1491 1149 1552 fore
1202 1491 1584 1572 reipublicae
1635 1512 1721 1552 ex
1775 1492 2038 1571 tribum,
2093 1492 2271 1572 quod
2310 1492 2651 1574 Euripides

499 1618 903 1699 excogitarat
919 1667 934 1693 ‚

858 1741 1022 1812 εὐθυς
1065 1747 1446 1828 κατεχρύσου
1494 1747 1614 1813 πάς
1664 1741 1808 1827 ἀνὴρ
1868 1741 2207 1828 Εὐριπίδην,

500 1878 648 1920 cum
696 1867 917 1920 autem
963 1859 1136 1919 cives
1174 1856 1296 1919 hac
1342 1877 1458 1937 spe
1502 1857 2032 1932 destituerentur,

858 1970 1042 2031 πάλιν
1082 1972 1462 2031 κατεπίττου
1512 1973 1632 2039 πᾶς
1678 1967 1824 2055 ἀνὴρ
1870 1968 2209 2055 Εὐριπίδην.

589 2133 954 2196 Mercatura
993 2142 1120 2194 tres
1159 2133 1355 2193 modo
1394 2131 1811 2214 metaphoras
1850 2143 2071 2195 nostro
2103 2133 2444 2213 suggessit,
2485 2135 2653 2212 quae'

507 2278 734 2320 omnes
782 2267 1126 2319 occurrunt
1173 2258 1234 2317 in
1281 2256 1496 2318 fabula
1538 2257 1890 2323 Ranarum.
1936 2258 2053 2319 Vs.
2104 2259 2229 2336 858
2279 2257 2539 2319 dicitur:

1410 2380 1787 2467 λοιδορεῖσθαι
1836 2384 1887 2444 δ’
1937 2383 2001 2445 οὐ
2046 2381 2212 2462 θέμις

953 2497 1175 2580 ἄνδρας
1237 2493 1510 2582 ποιητάς.
1534 2500 1729 2580 ὥσπερ
1776 2493 2209 2580 ἀρτοπώλιδας.

504 2624 711 2706 Apud
761 2623 1044 2686 Graecos
1086 2621 1203 2692 τοὶς
1244 2619 1659 2706 ἀρτοπώλιδας
1706 2623 1932 2683 eadem
1981 2622 2150 2683 fama
2196 2642 2343 2683 usas
2392 2641 2532 2682 esse
2579 2642 2654 2683 ac

501 2759 756 2813 nostras
798 2748 1090 2810 mulieres
1126 2748 1500 2828 piscatorias
1538 2756 1636 2809 est
1679 2757 1923 2810 notum.
1966 2746 2132 2810 Cum
2166 2756 2435 2828 uterque
2459 2759 2654 2828 poeta

502 2874 762 2936 ridicula
871 2871 1172 2952 exempla
1272 2871 1530 2934 alterius
1612 2891 1885 2952 poeseos
1963 2870 2239 2947 dederit,
2323 2871 2655 2952 Dionysus

513 3021 604 3062 vs
665 2998 834 3078 1364
878 2997 1090 3060 iubet:

749 3119 1089 3185 παύσασθον
1137 3123 1242 3196 ἥδη
1291 3127 1408 3183 τῶν
1446 3126 1669 3199 μελῶν.
1718 3121 1959 3183 Aesch.
2008 3119 2267 3200 κᾶμοιγ’
2317 3122 2473 3192 άλις.

751 3235 843 3298 ἐπὶ
891 3235 993 3297 τὸν
1036 3232 1308 3312 σταθμὸν
1353 3232 1482 3318 γαρ
1530 3233 1716 3296 αὐτὸν
1764 3231 2042 3312 ἀγαγεῖν
2089 3233 2429 3315 βούλομαι,

755 3351 890 3432 ὅπερ
941 3346 1258 3426 ἐξελέγξει
1305 3331 1414 3423 τὴν
1457 3350 1680 3422 ποιήσιν
1727 3344 1836 3424 νῷν
1882 3351 2079 3426 μόνον·

751 3463 821 3524 τὸ
867 3459 994 3545 γαρ
1042 3459 1230 3544 βάρος
1279 3463 1386 3536 νῷν
1432 3458 1731 3540 βασανιεῖ
1760 3466 1879 3523 τῶν
1922 3461 2237 3546 ῥημάτων.

505 3576 698 3637 Dion.
749 3577 836 3636 ἴτε
882 3574 1052 3656 δεῦρο’
1093 3594 1227 3644 νυν,
1277 3574 1432 3656 εἴπερ
1479 3594 1560 3648 γε
1607 3572 1708 3634 δεῖ
1738 3576 1843 3635 καὶ
1889 3576 2072 3636 τοῦτο’
2115 3597 2197 3652 με

753 3685 976 3771 ἀνδρῶν
1021 3691 1271 3760 ποιητῶν
1315 3690 1726 3769 τυροπωλῆσαι
1773 3686 2019 3765 τέχνην.

508 3827 866 3908 „siquidem
906 3823 1060 3885 mihi
1102 3832 1442 3905 poetarum
1481 3843 1584 3884 ars
1620 3831 1957 3905 tamquam
1983 3846 2209 3888 caseus
2231 3826 2643 3908 ponderanda

508 3951 670 4015 est.''
731 3952 1048 4031 Utrinque
1115 3957 1424 4011 stateram
1472 3946 1882 4029 prehendunt
1934 3970 2009 4020 ae
2054 3951 2351 4032 Dionyso
2396 3952 2657 4014 iubente

507 4077 766 4140 alternis
811 4075 1055 4137 vicibus
1102 4094 1254 4134 suos
1300 4073 1584 4153 ipsorum
1631 4093 1855 4135 versus
1902 4075 2192 4138 recitant.

505 4207 664 4269 Eur.
787 4201 884 4265 εἴθ’
933 4199 1122 4280 ὤφελ’
1173 4199 1452 4285 Ἀργοῦς
1497 4199 1586 4278 μὴ
1631 4199 1998 4263 διαπτάσθαι
2046 4200 2286 4282 σκάφος

509 4317 750 4382 Aesch.
779 4314 1076 4401 Σπερχειὲ
1124 4311 1368 4392 ποταμὲ
1415 4293 1697 4394 βουνόμοι
1741 4311 1799 4375 τ’
1851 4312 2217 4398 ἐπιστροφαί
