3317 5134
1695 474 1775 536 72

744 667 879 730 εἶτα
928 669 1152 747 ξαίνειν
1202 668 1259 739 ἐς
1304 667 1683 739 καλαθίσκον,
1736 669 1924 746 κοινὴν
1971 671 2215 742 εὔνοιαν,
2266 669 2590 742 ἅπαντας,

742 769 1288 874 καταμειγνύντας
1329 798 1465 864 τούς
1506 818 1576 857 τε
1623 799 1933 873 μετοίκους
1961 799 2057 857 κεῖ
2071 818 2161 866 τις
2184 797 2351 874 ξένος
2378 794 2409 871 ἢ
2435 794 2612 876 φίλος
2636 798 2797 878 ὑμῖν,

742 925 839 983 κεῖ
868 945 956 991 τις
1002 921 1229 1000 ὀφείλει
1274 926 1359 998 τῷ
1406 923 1695 1001 δημοσίῳ,
1745 924 1851 983 καὶ
1890 924 2131 992 τούτους
2181 921 2670 1001 ἐγκαταμεῖξαν

742 1049 849 1109 καὶ
887 1047 952 1118 νη
1003 1046 1130 1107 Διά
1156 1047 1273 1116 τοὶς
1297 1070 1378 1123 γε
1404 1050 1598 1117 πόλεις
1621 1096 1638 1127 ,
1665 1050 1875 1109 ὁπόσαι
1902 1053 2010 1119 τῆς
2032 1053 2149 1125 γῆς
2175 1048 2343 1124 τῆσδ’
2376 1049 2515 1109 εἰσὶν
2538 1050 2799 1120 ἄποικοι,

743 1175 1204 1250 διαγιγνώσκειν
1251 1175 1341 1234 ὅτι
1388 1171 1560 1236 ταῦθ’
1611 1176 1753 1253 ἡμῖν
1798 1175 1986 1258 ὥσπερ
2026 1173 2111 1235 τοὶ
2154 1173 2565 1252 κατάγματα
2606 1180 2801 1235 κεῖται

744 1303 926 1385 χωρὶς
951 1300 1223 1362 ἕκαστον·
1254 1297 1396 1376 κᾷτ’
1423 1298 1542 1362 ἀπὸ
1560 1303 1787 1363 τούτων
1804 1301 2045 1363 πάντων
2062 1300 2130 1363 τὸ
2148 1301 2469 1379 κάταγμα
2485 1299 2802 1380 λαβόντας

741 1422 906 1511 δεῦρο
953 1426 1244 1504 ξυνάγειν
1289 1428 1394 1487 καὶ
1437 1424 1834 1511 ἕυναθροίζειν
1882 1428 1959 1496 εἰς
2006 1425 2087 1499 ἓν,
2136 1427 2401 1488 κᾶπειτα
2441 1430 2674 1502 ποιῆσαι

742 1556 1003 1629 τολύπην
1044 1553 1355 1632 μεγάλην,
1396 1551 1537 1630 κᾷτ’
1582 1553 1646 1616 ἐκ
1688 1557 1919 1629 ταύτης
1954 1555 2232 1632 τῷδήμῳ
2258 1559 2530 1633 χλαῖναν
2554 1548 2799 1632 ὑφῆναι.

650 1681 880 1743 deinde
948 1683 1299 1744 carminare
1369 1701 1593 1742 omnes
1665 1683 1726 1741 in
1794 1681 2171 1762 quasillum,
2256 1682 2315 1742 in
2386 1699 2798 1742 communem

652 1805 1164 1868 benevolentiam
1227 1806 1402 1881 dico,
1461 1807 1800 1888 inquilinos
1849 1827 2111 1888 quoque
2159 1807 2589 1869 immiscentes
2635 1814 2701 1867 et
2748 1805 2799 1866 si

649 1933 792 2013 quis
852 1931 1090 2013 hospes
1150 1941 1264 1994 aut
1325 1933 1569 1994 amicus
1615 1933 1699 1995 sit
1741 1933 1961 2009 vobis;
2011 1933 2064 1994 si
2108 1934 2259 2014 quis
2298 1942 2517 1994 autem
2564 1931 2799 1994 debeat

648 2058 924 2137 aerari0‚
985 2057 1104 2119 hos
1160 2078 1420 2138 quoque
1480 2059 1819 2120 immisceri
1881 2067 2171 2140 oportet3
2231 2059 2475 2139 patriae
2540 2066 2795 2120 nostrae

648 2182 929 2244 colonias
988 2192 1208 2244 autem
1232 2233 1246 2258 ,
1312 2192 1656 2258 mecastor,
1722 2183 1920 2245 veluti
1978 2183 2295 2264 glomeres
2340 2183 2525 2245 lanae
2569 2183 2796 2244 carmi-

649 2317 839 2370 natae
885 2328 1110 2370 omnes
1157 2309 1360 2370 iacere
1404 2317 1734 2388 separatas
1781 2309 2042 2385 scitote,
2092 2309 2176 2370 ab
2230 2308 2529 2370 omnibus
2575 2317 2793 2370 autem

644 2433 761 2495 illis
829 2443 1106 2496 tractum
1168 2443 1494 2495 sumentes
1555 2433 1682 2496 huc
1728 2434 2043 2496 adducere
2090 2445 2155 2496 et
2218 2436 2279 2496 in
2329 2455 2527 2495 unum
2577 2434 2795 2495 omnia

646 2558 942 2640 colligere
986 2580 1103 2620 vos
1151 2568 1428 2639 oportet,
1478 2579 1553 2620 ac
1591 2559 1821 2620 deinde
1863 2560 2066 2622 facere
2100 2560 2452 2640 glomerem
2480 2580 2790 2641 magnum

649 2702 735 2744 ex
782 2702 989 2764 eoque
1037 2693 1258 2744 texere
1304 2682 1545 2763 populo
1592 2683 1862 2745 laenam.

734 2857 899 2920 Cum
945 2858 1103 2938 LyS.
1144 2878 1237 2919 vs.
1285 2869 1411 2937 579
1450 2869 1514 2922 et
1557 2861 1685 2936 580
1733 2855 1826 2942 (et
1867 2858 2035 2921 Ach.
2080 2880 2172 2922 vs,
2226 2858 2373 2941 112)
2420 2870 2573 2940 apte
2617 2881 2791 2948 com-

644 2982 850 3062 parari
899 2992 1170 3061 possunt
1225 2980 1396 3044 Aeh.
1442 3003 1528 3044 vs,
1573 3000 1706 3062 319
1752 2992 1817 3044 et
1861 2994 2021 3061 320,
2071 2984 2180 3045 ubi
2218 3005 2401 3045 senes
2439 2985 2792 3047 carbonarii

643 3126 711 3166 se
758 3107 1029 3168 invicem
1077 3106 1164 3167 ita
1212 3107 1274 3167 in
1320 3106 1845 3188 Dicaeopolidem
1893 3107 2343 3171 exhortantur:

822 3232 950 3292 εἰπέ
991 3253 1120 3309 μοι,
1172 3235 1237 3293 τί
1278 3229 1647 3312 φειδόμεσθα
1698 3238 1815 3295 τῶν
1861 3231 2062 3305 λίθων,
2112 3232 2155 3294 ὦ
2203 3235 2499 3314 δημόται,

821 3346 909 3423 μη
956 3342 1020 3406 ού
1067 3346 1464 3423 καταξαίνειν
1512 3347 1615 3408 τὸν
1663 3347 1852 3430 ἄνδρα
1900 3345 2109 3410 τοῦτον
2150 3349 2207 3418 ἐς
2254 3347 2587 3427 φοινικίδα;

639 3762 1282 3825 METAPHORAE
1328 3761 1721 3824 PETITAE
1767 3762 1892 3825 EX
1938 3763 2233 3829 REBUS
2280 3768 2789 3855 AMATORIIS

1292 3874 1411 3936 ET
1457 3874 2131 3940 NATURALIBUS.

725 4063 851 4145 Eq.
899 4083 973 4124 vs
1043 4062 1184 4141 736
1234 4061 1588 4124 botularius
1648 4063 1933 4126 Demum
1994 4077 2328 4146 comparat
2378 4088 2528 4130 cum
2574 4073 2788 4151 pueris

636 4190 902 4265 amatiS,
951 4188 1059 4269 qui
1106 4189 1276 4249 viros
1317 4188 1556 4268 probos
1593 4198 1659 4251 et
1697 4189 1903 4250 bonos
1943 4211 2069 4251 non
2109 4191 2479 4270 admittunt,
2519 4196 2787 4260 sordidis

635 4324 857 4377 autem
902 4312 1440 4376 homuncionibus
1491 4334 1559 4374 se
1606 4323 1783 4377 totos
1830 4314 2106 4378 tradunt.
