3317 5134
1629 480 1770 544 74.

609 684 877 755 usurpat
924 675 1006 736 ad
1045 674 1325 739 Socratis
1373 678 1592 739 matris
1640 686 1847 739 artem
1897 677 2251 755 μαιευτικνᾷν
2296 676 2708 738 deridendam
2734 725 2748 750 ,

606 800 886 881 lepidam
911 801 1258 864 antithesin
1285 803 1552 883 praebet
1576 823 1726 865 cum
1753 803 2071 884 gravitate
2099 803 2343 864 iuvenis
2369 799 2749 883 philosophi.

699 1014 811 1092 „A
875 1016 1089 1095 pravis
1151 1016 1286 1079 istis
1334 1016 1704 1079 mulieribus
1750 1017 1913 1079 adeo
1964 1038 2133 1098 aqua
2178 1016 2409 1098 perfusi
2456 1012 2750 1089 sumu5,’'

609 1161 793 1201 senes
841 1141 998 1221 LyS.
1050 1162 1143 1204 vs.
1193 1159 1316 1220 401
1371 1152 1758 1224 queruntur,

1706 1273 1906 1342 ,,ὥστε
1953 1267 2311 1347 θαιματίδια

1054 1397 1225 1455 σείειν
1265 1394 1552 1480 ποέρεστιν
1597 1399 1789 1480 ὥσπερ
1838 1392 2314 1480 ἐνεουρηκότας-Ρ

699 1593 862 1655 Ran.
927 1615 1020 1656 vs,
1062 1607 1143 1675 95
1203 1596 1284 1657 de
1343 1596 1572 1658 vilibus
1631 1597 2021 1678 quibusdam
2082 1598 2325 1678 poetiS‚
2388 1598 2499 1678 qui
2559 1597 2758 1657 semel

610 1718 877 1780 chorum
940 1731 1344 1802 acceperunt,
1391 1723 1650 1785 dicitur:
1719 1722 1997 1802 „Statim
2045 1744 2131 1785 ex
2175 1723 2373 1785 oculis
2420 1722 2760 1783 elabuntur

611 1844 715 1905 illa
761 1848 1164 1930 μειρακύλλια

1058 1971 1235 2050 ἅπαξ
1283 1975 1771 2058 προσουρήσαντα
1819 1976 1895 2052 τῇ
1941 1971 2323 2057 τραγῳδίᾳ.”

615 2095 720 2157 Sic
780 2097 1026 2177 pueruli
1088 2097 1189 2158 isti
1249 2098 1604 2175 imberbeS‚
1674 2099 1908 2180 quibus
1972 2100 2218 2183 σπέρμα
2280 2097 2611 2161 παιδοποιὸν
2659 2097 2759 2159 οὐκ

616 2225 858 2295 ἔνεστιν,
898 2233 1314 2304 opponuntur
1355 2230 1474 2294 τοῖς
1498 2229 1793 2302 γενναίοις
1818 2227 1925 2286 καὶ
1946 2230 2214 2305 γονίμοις
2241 2231 2529 2299 ποιηταῖς,
2556 2224 2762 2304 qualis

614 2349 730 2410 fuit
779 2346 1182 2427 Aeschylu53
1234 2349 1316 2410 illi
1365 2358 1617 2412 tentant
1684 2370 1934 2411 musam
1982 2350 2328 2430 tragicam,
2378 2349 2442 2410 hi
2490 2369 2760 2410 uxorem

615 2476 860 2538 ducunt
905 2485 970 2538 et
1014 2475 1258 2557 prolem
1306 2477 1597 2539 vivacem
1646 2498 1732 2539 ex
1779 2497 1855 2538 ea
1903 2486 2259 2558 procreant.

1507 2769 1889 2779 --.----

617 3058 1272 3121 METAPHORAE
1324 3060 1392 3121 A
1442 3059 1886 3124 PARTIBUS
1926 3060 2297 3124 HUMANI
2336 3059 2767 3123 CORPORIS

769 3173 890 3235 ET
928 3172 1261 3236 EARUM
1305 3172 2005 3238 FACULTALIBUS
2044 3172 2616 3237 DESUMPTAE.

709 3374 876 3437 Cum
924 3375 1404 3455 Francogallica
1448 3375 1770 3437 locutione
1815 3373 1891 3435 de
1925 3373 2084 3453 pied
2118 3394 2195 3435 en
2239 3383 2355 3453 cap
2393 3375 2558 3437 bene
2593 3396 2767 3438 com-

620 3501 826 3581 parari
888 3509 1160 3580 possunt
1219 3500 1384 3564 Plut.
1432 3521 1527 3562 vs,
1576 3500 1708 3578 649
1768 3510 1834 3563 et
1882 3501 2047 3579 650,
2114 3502 2223 3563 ubi
2268 3523 2489 3564 servus
2537 3502 2766 3565 Carion

619 3625 919 3714 dominae
960 3635 1331 3688 narraturus
1370 3624 1703 3706 quomodo
1743 3625 1965 3688 Plutus
1991 3635 2255 3689 sanatus
2278 3628 2377 3704 sit,
2404 3629 2493 3689 sic
2516 3628 2765 3709 incipit:

888 3751 1066 3812 α’κουε
1113 3753 1335 3823 τοίνυν,
1383 3752 1458 3820 ὡς
1505 3749 1631 3827 ἐγὼ
1678 3748 1762 3812 τοὶ
1809 3750 2170 3835 πράγματα

820 3910 828 3918 ·
889 3875 953 3938 ἐκ
1001 3881 1119 3937 τῶν
1165 3876 1353 3938 ποδῶν
1400 3875 1456 3946 ἐς
1502 3877 1612 3953 τὴν
1657 3874 1943 3956 κεφαλήν
1990 3899 2075 3940 σοι
2122 3878 2303 3940 πάντ’
2347 3877 2473 3963 ἐρῶ.

712 4076 1022 4138 Ran.'VS.
1073 4088 1198 4155 925
1256 4075 1566 4156 Aeschyli
1613 4077 1811 4138 verba
1857 4077 2193 4158 Euripides
2238 4088 2429 4141 vocat
2476 4077 2683 4159 βόεια,

803 4201 987 4286 ὀφρῦς
1055 4204 1284 4280 ἔχοντα
1329 4203 1432 4262 καὶ
1477 4199 1735 4280 λόφους,
1784 4203 1919 4263 δείν’
1969 4203 2141 4264 ἅττα
2188 4203 2591 4287 μορμορωποὶ,

627 4328 962 4410 supercilia
1008 4326 1313 4389 habentia
1359 4336 1424 4389 et
1467 4327 1691 4388 cristas
1711 4375 1726 4400 ,
1776 4326 2045 4390 terrifica
2092 4337 2158 4390 et
2201 4326 2536 4390 horrenda.
