3317 5134
1553 516 1619 559 11

597 713 942 775 Veteribus
979 712 1240 794 collegis
1277 732 1496 774 senem
1527 713 1831 793 pristinae
1863 713 2113 776 virtutis
2137 712 2655 787 admonentibuS,

507 838 611 900 hic
649 806 1008 920 respondet
1051 840 1251 920 Vesp.
1308 837 1470 918 363:
1536 837 1731 900 Nullo
1782 839 1977 900 modo
2025 838 2306 920 effugere
2350 858 2653 920 possum,

511 986 660 1027 nam
706 966 819 1028 viri
865 965 1096 1028 armati

1041 1108 1232 1190 ὥσπερ
1279 1129 1360 1184 με
1409 1109 1617 1182 γαλῆν
1653 1105 1799 1189 κρέα
1845 1105 2170 1184 κλέψασαν

1044 1234 1310 1316 τηροῦσιν
1356 1232 1561 1310 ἔχοντ’
1610 1230 1974 1312 ὀβελίσκους.

1377 1635 1793 1701 MURES.

601 1802 920 1884 Lepidum
988 1801 1259 1863 verbum
1321 1803 1594 1864 occurrit
1653 1803 1852 1883 Vesp.
1910 1822 2003 1864 vs,
2063 1819 2215 1881 140:
2266 1823 2500 1880 senex,
2550 1805 2662 1886 qui

515 1928 710 1990 domo
755 1928 1061 2009 aufugere
1105 1938 1392 2005 conatur,
1442 1935 1754 2007 μυσπολεῖ
1783 1952 1843 1991 τι
1888 1929 2331 2006 καταδεδυκώς,
2384 1930 2663 2012 trepidat

515 2053 640 2116 huc
676 2053 820 2116 illuc
859 2055 1024 2117 sicut
1063 2074 1240 2133 muS,
1282 2054 1392 2135 qui
1431 2055 1686 2117 inimico
1718 2056 1997 2118 instante
2022 2056 2411 2137 ubicumque
2434 2058 2661 2118 rimam

517 2181 784 2260 quaerit.

605 2419 774 2484 Ach.
831 2440 925 2481 VS.
978 2419 1126 2498 762.
1174 2420 1402 2481 Infelix
1460 2419 1856 2501 Megarensis
1902 2421 2070 2483 bello
2120 2423 2295 2483 omni
2344 2422 2471 2484 fere
2518 2422 2667 2484 cibo

514 2558 711 2628 atque
755 2547 918 2608 adeo
961 2546 1179 2608 nativo
1218 2566 1337 2607 suo
1377 2534 1522 2608 allio
1562 2547 1885 2627 privatuS‚
1931 2547 2369 2628 Dicaeopolidi
2408 2549 2660 2629 roganti
2752 2621 2756 2628 Ι

519 2694 672 2736 num
736 2672 879 2735 allia
926 2671 1182 2750 habeat,
1231 2673 1610 2754 respondet:

1215 2805 1354 2861 ποῖα
1399 2800 1620 2884 σκόροδ’
1635 2823 1653 2874 3
1703 2799 1855 2878 ὑμὲς
1901 2805 2018 2862 τῶν
2065 2798 2198 2874 ἀεὶ,

961 2925 1084 2989 ὅκκ’
1136 2925 1477 3008 ἐσβάλητε,
1526 2928 1642 2997 τὼς
1686 2924 1980 3012 ἀρουραῖοι
2026 2930 2196 3006 μύες,

963 3054 1232 3116 πάσσακι
1277 3052 1394 3125 τας
1440 3050 1707 3131 ἄγλιθας
1757 3052 2138 3139 ἐξορύσσετε,

523 3181 796 3242 murium
843 3181 1036 3261 igitur
1070 3180 1435 3260 agminibus
1477 3178 1862 3240 assimulans
1901 3179 2137 3260 copias·
2161 3178 2661 3242 Atheniensium

523 3327 712 3388 agros
758 3296 1000 3369 vicinos
1047 3306 1460 3368 vastantium.

1408 3521 1789 3530 —————..

1408 3707 1780 3792 EQUI.

613 3886 1046 3948 Festivissime
1131 3895 1325 3968 poeta
1405 3887 1467 3947 in
1537 3887 1715 3948 initio
1786 3886 2038 3948 fabulae
2106 3886 2285 3947 Pacis
2351 3884 2673 3964 Euripidis

523 4011 803 4074 fabulam
849 4011 1415 4102 Bellerophontem
1462 4013 1522 4072 in
1571 4011 1904 4073 ridiculum
1951 4009 2255 4072 deflectit.

612 4137 749 4199 Iam
816 4139 1035 4200 statim
1105 4137 1443 4227 exordium
1514 4157 1716 4218 quam
1784 4136 2117 4199 ludicrum.
2190 4136 2240 4196 Ii
2305 4135 2440 4197 duo
2508 4137 2673 4197 servi

525 4263 870 4325 scarabaeo
915 4265 1130 4325 voraci
1155 4264 1443 4325 merdam
1468 4265 1830 4344 pinsentes;
1868 4263 2097 4325 deinde
2121 4263 2481 4344 Trygaeu5‚
2515 4261 2676 4324 alter

527 4389 973 4472 Bellerophon,
1015 4411 1129 4472 per
1165 4388 1430 4452 aethera
1470 4388 1532 4450 in
1573 4387 1826 4450 coelum
1868 4389 1986 4451 iter
2023 4389 2276 4466 facienS,
2326 4388 2438 4450 sed
2476 4387 2677 4468 aliger
