3317 5134
1623 485 1707 549 68

709 698 824 759 Ab
882 697 1035 759 aleis
1096 697 1249 761 mihi
1317 697 1503 760 liceat
1551 699 1824 761 transire
1871 698 1952 759 ad
2000 698 2169 760 aliud
2219 675 2765 760 oblectamentum

620 825 830 885 minus
876 823 1321 904 periculosum,
1370 824 1691 886 turbinem
1731 824 1893 887 dico,
1944 825 2142 906 Vesp.
2193 845 2285 887 vs,
2324 837 2486 902 1517
2536 823 2768 885 chorus

621 948 867 1011 Carcini
912 935 1290 1030 pumiliones
1335 949 1508 1012 hisce
1553 950 1766 1012 verbis
1814 951 1895 1012 ad
1943 951 2309 1014 saltandum
2357 951 2609 1013 incitat:

710 1072 858 1160 φέρε
904 1099 1003 1137 νυν
1050 1078 1222 1154 ἡμεῖς
1274 1075 1478 1146 αὐτοῖς
1523 1075 1731 1154 ὀλίγον
1778 1078 2275 1162 συγχωρήσωμεν
2324 1077 2612 1150 ἅπαντες,

713 1201 780 1261 ἶν’
833 1198 935 1279 ἐφ’
985 1203 1248 1280 ἡσυχίας
1295 1203 1462 1280 ἡμῶν
1512 1199 1751 1286 πρόσθεν
1794 1200 2233 1284 βεμβικίζωσιν
2278 1205 2549 1274 ἑαυτούς.

625 1327 968 1408 Agedum,
1031 1348 1256 1390 omnes
1318 1327 1434 1389 illis
1494 1328 1825 1409 paululum
1875 1304 2219 1411 ceclamuS‚
2269 1340 2340 1392 ut
2385 1330 2579 1391 libere
2621 1338 2772 1392 ante

627 1475 745 1516 nos
791 1475 860 1516 se
905 1463 1192 1530 versent,
1241 1454 1571 1516 turbinum
1615 1455 1833 1517 instar.

716 1671 847 1732 Av.
898 1690 992 1732 vs·
1050 1669 1205 1748 1461
1260 1667 1666 1750 sycophanta
1711 1669 1795 1730 de
1842 1689 1910 1730 se
1956 1671 2098 1750 ipso
2149 1679 2483 1733 autumat:

1159 1793 1460 1876 βέμβικος
1505 1794 1669 1856 οὐδὲν
1718 1792 2023 1880 διαφέρειν
2070 1796 2176 1857 δεῖ.

629 1922 792 1983 sicut
852 1920 1044 1982 turbo
1091 1929 1163 1983 ut
1207 1921 1270 1981 in
1330 1940 1555 1982 omnes
1607 1930 1825 2002 partes
1888 1942 1992 1983 me
2038 1931 2286 1984 vertere
2333 1923 2574 2003 possim
2623 1919 2777 1982 mihi

636 2047 990 2109 curandum
1037 2055 1152 2108 est.

1054 2463 1697 2529 METAPHORAE
1744 2465 2360 2529 DEPROMPTAE

769 2579 894 2642 EX
943 2577 1334 2642 VESTITU
1380 2579 1498 2641 ET
1545 2579 1978 2642 CORPORIS
2027 2578 2645 2643 ORNAMENTIS.

728 2770 858 2830 Av.
909 2790 1002 2830 Vs.
1064 2785 1181 2831 122
1241 2769 1372 2830 duo
1420 2770 1785 2851 terricolae,
1852 2768 2248 2833 Pithetaerus
2294 2779 2359 2832 et
2406 2769 2780 2850 Euelpides,

636 2893 810 2957 hisce
847 2896 1058 2957 verbis
1083 2896 1298 2956 avium
1325 2897 1459 2976 regi
1483 2898 1676 2978 epopi
1700 2896 2024 2978 explicant
2048 2915 2161 2958 cur
2181 2897 2261 2958 ad
2289 2917 2437 2959 eum
2462 2897 2783 2957 venerint:

1170 3022 1340 3098 ῗκέτα
1389 3024 1465 3083 νὼ
1512 3021 1648 3107 πρὸς
1695 3022 1761 3084 σὲ
1809 3023 1960 3107 δεῦρ’
2002 3019 2369 3102 ἀφίγμεθα,

908 3149 964 3208 εἴ
1003 3169 1139 3208 τινα
1188 3149 1356 3208 πόλιν
1403 3145 1707 3232 φράσειας
1754 3149 1896 3226 ἡμῖν
1940 3149 2165 3232 εὔερον,

906 3277 1096 3357 ὥσπερ
1142 3275 1385 3358 σισύραν
1434 3272 1955 3350 ἐγκατακλινῆναι
2002 3271 2346 3353 μαλθακήν.

642 3401 958 3482 supplices
995 3400 1077 3460 ad
1119 3408 1186 3461 te
1223 3400 1534 3480 venimus,
1577 3409 1881 3480 rogantes
1919 3418 2074 3460 num
2115 3398 2299 3459 nobis
2338 3398 2563 3460 urbem
2587 3419 2789 3480 quan·
2837 3379 2842 3388 ’

640 3530 791 3591 dam
862 3527 1137 3589 indicare
1193 3527 1432 3606 possiS‚
1495 3527 1596 3587 cui
1667 3525 1941 3587 molliter
2009 3526 2419 3601 incubemuS‚
2492 3525 2657 3586 sicut
2725 3527 2787 3586 in

639 3654 1085 3734 lanuginosam
1133 3650 1390 3712 mollem
1436 3649 1776 3712 lacernam.
1825 3644 1949 3736 (Cf.
1996 3651 2196 3732 Vesp.
2244 3670 2337 3711 vs,
2401 3646 2617 3732 1138.)

731 3866 896 3929 Cum
942 3865 1254 3927 audiverit
1299 3863 1524 3925 urbem
1573 3884 1785 3944 neque
1832 3864 2015 3925 bonis
2062 3883 2271 3945 neque
2320 3861 2501 3923 malis
2547 3860 2790 3922 civibus

644 3991 958 4072 gaudere,
1007 3987 1379 4069 Aeschylus
1427 3988 1592 4050 Ran.
1643 4009 1733 4050 vs,
1798 3991 1961 4068 1458
2012 3988 2365 4050 exclamat:

1002 4121 1122 4186 πῶς
1165 4111 1263 4176 οὖν
1307 4137 1397 4184 τις
1444 4113 1521 4175 ὀὲν
1570 4117 1773 4177 σώσειε
1819 4094 2104 4190 reccath-nv
2149 4122 2348 4184 πόλιν,

999 4238 1035 4321 ᾗ
1082 4243 1242 4319 μήτε
1291 4247 1530 4320 χλαῖνα
1577 4241 1740 4321 μήτε
1786 4243 1994 4326 σισύρα
2044 4237 2341 4324 συμφέρει
2357 4263 2375 4314 3

648 4369 749 4430 cui
793 4388 909 4429 nec
954 4367 1136 4429 laena
1185 4388 1301 4429 nec
1345 4368 1620 4448 paenula
1669 4369 1951 4449 expedit.
