3317 5134
1787 516 1871 578 30

756 690 888 751 Αν.
937 707 1026 749 vs,
1083 689 1212 750 800
1258 687 1339 749 de
1386 706 1556 748 novo
1600 685 1864 748 homine
1911 683 2246 766 Diitrephe
2292 685 2552 747 dicitur:

929 801 1095 910 ᾑρὲθη
1144 822 1506 910 φύλαρχος,
1557 821 1655 886 εἶθ’
1707 825 2040 907 ἵππαρχος,
2090 823 2197 884 εἶτ’
2250 821 2320 901 ἐξ
2364 822 2591 892 οὐδενὸς

931 938 1201 1017 μεγάλα
1248 939 1504 1023 πράττει
1548 935 1736 1000 κάστὶ
1777 938 1900 999 νυνὶ
1944 933 2145 1015 ξουθὸς
2190 939 2663 1022 ἱππαλεκτρύων.

752 1078 1056 1139 Fortasse
1141 1077 1310 1139 idem
1395 1087 1493 1140 est
1573 1098 1649 1140 ac
1718 1074 2089 1139 taxiarchus
2159 1076 2296 1155 ille,
2368 1077 2476 1156 qui
2562 1076 2624 1136 in
2694 1075 2902 1137 fabula

751 1205 930 1265 Pacis
977 1205 1424 1285 perstringitur
1467 1205 1764 1284 quidem,
1813 1203 1926 1264 sed
1974 1223 2101 1264 non
2150 1203 2533 1265 nominatur.

1635 1443 2014 1452 -———-———-

1308 1634 1673 1698 VARIAE
1723 1635 2015 1698 ALIA-E
2064 1633 2330 1698 AVES.

842 1826 1008 1889 Cum
1057 1827 1117 1886 in
1165 1823 1378 1887 fabula
1424 1824 1791 1904 Vesparum
1841 1843 2004 1884 unus
2044 1822 2347 1885 ferocium
2387 1821 2639 1885 illorum
2679 1821 2903 1884 helias-

752 1961 966 2015 tarum
1014 1949 1144 2012 filio
1190 1970 1343 2026 su0‚
1396 1949 1505 2030 qui
1538 1949 1744 2029 digito
1784 1959 2126 2030 promovet
2172 1948 2468 2011 lucernae
2492 1947 2899 2030 ellychnium,

757 2076 1014 2156 alapam
1060 2074 1305 2155 infligit,
1354 2072 1456 2136 hic
1501 2094 1594 2134 vs,
1647 2072 1777 2150 256
1807 2074 2340 2155 ‚indignabundus
2388 2076 2701 2138 minatur:
2910 2047 2917 2054 ⁵

1018 2227 1073 2287 εἰ
1111 2227 1177 2303 νὴ
1225 2223 1334 2286 Δί’
1385 2221 1548 2294 αὖθις
1596 2224 1889 2294 κονδύλοις
1935 2222 2290 2301 νουθετήσεθ’
2342 2226 2543 2305 ἡμᾶς,

1019 2335 1478 2418 ἀποσβέσαντες
1527 2336 1666 2406 τούς
1712 2338 1975 2415 λύχνους
2021 2336 2249 2415 ἄπιμεν
2292 2337 2479 2398 οἴκαδ’
2532 2336 2723 2399 αὐτοί·

1018 2451 1256 2512 κᾶπειτ’
1309 2452 1441 2520 ἴσως
1483 2447 1542 2511 ἐν
1588 2453 1675 2526 τῷ
1722 2452 1914 2526 σκότῳ
1961 2451 2199 2510 τουτουὶ
2243 2446 2537 2534 στερηθεὶς

1017 2563 1121 2626 τὸν
1166 2563 1352 2638 πηλὸν
1397 2565 1587 2646 ὥσπερ
1635 2558 1940 2639 ἀτταγᾶς
1985 2559 2309 2645 τυρβάσεις
2347 2559 2637 2642 βαδίζων.

750 2717 893 2778 Hac
940 2715 1200 2777 lucerna
1241 2732 1464 2775 carens
1502 2713 1564 2772 in
1604 2711 1884 2774 tenebris
1924 2713 2229 2774 oberrans
2274 2721 2610 2792 tamquam
2635 2722 2898 2792 attagen

749 2843 959 2905 lutum
1008 2839 1320 2903 turbabiS.

837 3045 933 3108 Ut
976 3042 1232 3123 saepius
1277 3040 1428 3102 facit
1472 3040 1535 3100 in
1581 3038 1699 3100 illis
1755 3037 2293 3119 digressionibus,
2344 3040 2407 3099 in
2437 3039 2672 3119 quibus
2707 3058 2902 3119 quam

749 3170 1035 3232 maxime
1073 3165 1282 3228 elucet
1318 3165 1652 3227 lasciviens
1694 3165 1829 3224 eius
1870 3163 2229 3243 ingenium,
2272 3164 2361 3225 sic
2404 3165 2467 3225 in
2494 3162 2622 3225 fine
2646 3184 2905 3246 quoque

746 3295 1140 3379 parabaseos
1186 3293 1365 3354 Pacis
1413 3299 1611 3372 poeta
1646 3289 2051 3350 occasionem
2092 3288 2498 3369 amplectitur
2535 3288 2906 3371 indulgendi

746 3423 928 3499 odio,
978 3419 1155 3502 quod
1201 3417 1490 3480 exercuit
1534 3424 1760 3477 contra
1815 3413 2239 3496 pumilionum
2286 3434 2490 3494 genus
2536 3420 2905 3500 καρκινιτῶν.

744 3550 862 3612 Vs,
907 3548 1030 3627 781
1085 3545 1346 3606 Musam
1393 3540 1519 3604 hoc
1566 3540 1763 3601 modo
1804 3549 1980 3602 orat:
2023 3538 2279 3601 Mecum
2322 3539 2553 3602 choros
2600 3561 2858 3618 exerce,

928 3695 996 3773 ἣν
1041 3693 1107 3758 δὲ
1152 3716 1220 3756 σε
1267 3691 1578 3777 Καρκίνος
1624 3687 1803 3760 ἐλθὼν

926 3807 1224 3890 ἀντιβολῇ
1271 3805 1443 3886 μετοὶ
1488 3809 1608 3867 τῶν
1654 3803 1882 3865 παίδων
1928 3804 2247 3886 χορεῦσαι,

927 3920 1068 4005 μήθ’
1110 3919 1371 3983 ὑπάκουε
1408 3917 1558 3998 μήτ’
1603 3918 1704 3978 ἕλ-
1758 3972 1768 3988 ,

923 4033 1023 4116 Bm
1060 4029 1351 4117 ξυνέριθος
1383 4029 1621 4101 αὐτοῖς,

925 4151 1100 4214 ἄλλα
1146 4143 1353 4227 νόμιζε
1401 4143 1644 4212 πάντας

922 4270 1195 4351 ὄρτυγας
1242 4261 1593 4336 οἰκογενεῖς,
1641 4253 2071 4332 γυλιαύχενας
2118 4249 2426 4334 ὀρχηστάς

921 4375 1273 4456 νανοφυεῖς,
1321 4368 1648 4454 σφυράδων
1695 4363 2165 4442 ἀποκνίσματα,
2216 4363 2679 4445 μηχανοδίφας.
