3317 5134
1649 465 1729 541 58

613 678 879 758 Optime
941 679 1134 742 Kock
1191 678 1506 742 intellexit
1551 677 1938 741 adiectivum
1986 681 2219 757 μεστήν
2266 676 2368 739 hic
2414 697 2542 737 non
2590 686 2761 739 recte

613 827 681 867 se
743 803 982 866 habere
1045 827 1121 868 ac
1182 805 1523 868 desiderari
1586 824 1816 867 vocem
1839 855 1852 880 ,
1914 825 2082 884 quae
2137 804 2326 885 plane
2372 804 2761 866 contrarium

614 930 960 1013 significet:
1041 930 1282 1010 inaniS‚
1346 951 1608 996 vacum.
1681 931 2009 995 Coniicere
2066 930 2212 993 licet
2256 949 2484 992 vocem
2531 928 2764 1008 μεστὴν

616 1079 655 1120 a
715 1059 1038 1140 margine,
1103 1059 1163 1120 in
1210 1080 1342 1140 qua
1387 1058 1588 1122 lector
1635 1057 1865 1139 aliquis
1913 1077 2057 1120 eam
2105 1057 2401 1139 appinxit
2446 1057 2529 1118 ad
2573 1076 2763 1118 voca-

617 1185 840 1247 bulum
920 1186 1199 1264 ἐπιχειλῆ
1280 1184 1769 1260 illustrandum,
1852 1185 1913 1245 in
1982 1193 2367 1246 contextum
2437 1183 2763 1264 migrasse.

617 1311 802 1394 Quae
846 1332 982 1373 vox
1021 1321 1242 1374 autem
1273 1312 1356 1373 sit
1393 1311 1792 1373 restituenda
1830 1308 1983 1371 mihi
2026 1330 2153 1370 non
2193 1318 2393 1390 patet.
2435 1307 2767 1370 Sententia

617 1437 847 1500 horum
897 1458 1200 1500 versuum
1248 1438 1470 1518 utique
1515 1435 1677 1499 haec
1722 1445 1855 1504 est:

617 1565 720 1626 Tu
765 1561 1183 1627 Themistocli
1231 1573 1296 1626 te
1342 1562 1723 1624 assimulas?
1768 1563 1913 1644 qui,
1973 1581 2123 1624 cum
2183 1561 2409 1622 urbem
2465 1560 2766 1622 omnibus

617 1691 818 1770 copiis
875 1691 1181 1784 reperiret
1251 1690 1582 1766 orbatam,
1656 1709 1801 1751 eam
1870 1688 2061 1749 labris
2129 1697 2315 1750 tenus
2384 1687 2764 1768 complevit,

618 1815 805 1895 eique
864 1814 1154 1896 insuper,
1216 1834 1364 1876 cum
1411 1815 1585 1876 bono
1630 1815 1759 1876 iam
1805 1814 2075 1894 prandio
2122 1812 2428 1890 aleretur,
2476 1813 2769 1874 Piraeum

619 1940 877 2020 pinsuit.

655 2139 658 2142 ’
710 2140 984 2202 Induciis
1052 2140 1216 2201 inter
1284 2159 1438 2201 aves
1509 2159 1586 2201 ac
1651 2137 1982 2200 hominem
2051 2137 2486 2200 Pithetaerum
2554 2137 2770 2214 factis,

621 2266 1006 2328 admonetur
1039 2262 1141 2327 hic
1182 2274 1274 2346 ut,
1315 2265 1498 2327 sicuti
1522 2264 1857 2346 pollicitus
1896 2265 1998 2341 sit,
2039 2264 2298 2326 consilia
2322 2285 2438 2326 sua
2461 2271 2772 2345 exponat.

621 2392 706 2456 Sc
753 2402 1051 2474 paratum
1123 2411 1261 2452 esse
1322 2391 1669 2471 respondet
1730 2389 1827 2452 his
1884 2390 2134 2452 verbis:
2208 2390 2365 2466 (Av.
2436 2409 2528 2450 vs.
2591 2385 2775 2474 463.)

623 2522 730 2581 καὶ
773 2517 896 2597 μὴν
940 2517 1133 2602 ὀργῶ,
1183 2516 1250 2588 νὴ
1296 2517 1399 2578 τὸν
1445 2515 1608 2589 Δία,
1657 2519 1765 2578 καὶ
1810 2514 2273 2602 προπεφύραται
2321 2520 2503 2593 λόγος
2552 2513 2630 2585 εἷς
2672 2538 2775 2594 μοι

624 2645 685 2707 ὃν
731 2644 1100 2724 διαμάττειν
1147 2642 1210 2706 οὐ
1257 2643 1487 2705 κωλύει.

624 2743 945 2852 Equidem
1027 2770 1236 2850 gestio
1310 2768 1687 2849 dudumque
1766 2767 1920 2848 milri
1993 2777 2317 2830 macerata
2369 2777 2503 2830 est
2571 2761 2776 2829 oratio

625 2916 786 2973 una,
837 2915 1033 2976 quam
1082 2914 1279 2976 porro
1323 2893 1622 2974 subigere
1670 2892 1817 2954 nihil
1866 2892 2153 2973 impedit.

713 3020 966 3083 Eodem
1012 3019 1211 3081 verbo
1258 3015 1568 3103 προφυρᾶν
1605 3018 1943 3099 Euripides
1984 3038 2247 3100 quoque
2290 3019 2489 3080 utitur
2510 3017 2776 3080 Thesm.

624 3168 717 3209 vs,
769 3117 896 3226 75,
926 3146 1033 3208 ubi
1083 3166 1306 3208 socero
1355 3143 1755 3208 Mnesilocho
1803 3145 2036 3226 pavide
2083 3154 2331 3208 narrat:

942 3277 1102 3334 ἔστιν
1153 3275 1338 3334 κακόν
1383 3293 1487 3350 μοι
1535 3271 1717 3349 μέγα
1765 3292 1824 3331 τι
1871 3266 2423 3354 προπεφυραμένον.

628 3419 939 3482 magnum
987 3398 1229 3460 malum
1277 3395 1431 3458 mihi
1477 3406 1575 3459 est
1624 3405 2100 3478 praeparatum.

713 3563 968 3628 Eodem
1016 3562 1212 3624 modo
1258 3581 1336 3622 ac
1381 3580 1498 3622 nos
1546 3559 1844 3621 dicimus:
1891 3557 2189 3639 beroeren,
2238 3557 2467 3620 Graeci
2515 3565 2782 3619 utuntur

627 3690 860 3752 verbo:
909 3691 1118 3750 κυκᾶν.
1165 3687 1324 3767 LyS.
1370 3705 1460 3746 vs.
1491 3699 1626 3764 490
1668 3703 1831 3746 unus
1873 3703 1908 3745 e
1946 3684 2330 3764 prytanibus
2364 3682 2781 3745 mirabundus

627 3825 851 3897 rogat:

946 3935 1046 4000 διοὶ
1091 3937 1414 4022 τάργύριον
1462 3933 1847 4014 πολεμοῦμεν
1887 3933 2050 4019 γοέρ;

629 4095 731 4156 cui
777 4093 1175 4173 Lysistrata,
1224 4090 1364 4151 dux
1412 4086 1785 4158 mulierum,
1834 4105 2003 4166 quae
2048 4104 2262 4147 arcem
2302 4092 2785 4164 occupaverunt

629 4219 774 4280 ideo
822 4226 894 4279 ut
939 4217 1108 4278 viros
1154 4224 1394 4296 cogant
1441 4215 1779 4296 imperium
1826 4211 1945 4273 sibi
1999 4230 2075 4273 ac
2127 4219 2467 4290 argentum
2513 4210 2781 4286 tradere,

631 4342 979 4426 respondet
999 4361 1012 4404 :
