3317 5134
1575 463 1659 524 42

826 658 856 718 ὁ
901 656 951 716 δ’
1003 653 1373 741 ἀνακραγὼν
1416 654 1712 737 αντῄκαο·’
1763 657 1948 720 αὐτὸν
1996 657 2245 743 ποέρνοπι

829 779 914 842 τοὶ
953 779 1081 866 θρῖα
1128 784 1235 844 τοῦ
1282 781 1564 868 τρίβωνος
1609 780 2097 864 ἀποβεβληκότι,

829 903 1096 985 Σθενέλῳ
1140 931 1209 970 τε
1256 907 1342 971 τοὶ
1385 908 1673 994 σκευοὶρια
1719 910 2192 995 διακεκαρμένῳ.

652 1085 869 1166 „Quid
912 1095 1016 1162 tn,
1055 1086 1387 1168 paupelle?
1426 1087 1715 1150 locustae
1752 1087 1966 1148 similis
1990 1107 2093 1178 βε,
2132 1108 2302 1168 quae
2326 1087 2471 1148 solia
2496 1089 2710 1150 amisit

563 1211 729 1292 pallii
796 1210 897 1272 vel
965 1210 1247 1274 Stheneli
1318 1213 1525 1274 miseri
1585 1212 1937 1289 histrioniS,
2006 1213 2114 1294 qui
2161 1213 2469 1292 tragicam
2519 1234 2702 1274 suam

562 1337 1019 1418 supellectilem
1065 1338 1340 1401 vendere
1386 1348 1650 1401 coactus
1699 1339 1864 1400 est.’'

651 1465 861 1526 Prima
906 1466 1301 1546 comparatio
1345 1465 1722 1547 praesertim
1770 1465 1928 1528 scita
1975 1473 2102 1541 est,
2166 1464 2489 1546 praeclare
2536 1467 2705 1526 enim

566 1590 769 1652 reddit
839 1591 1006 1651 senis
1074 1591 1378 1653 rusticam
1447 1577 1774 1667 facetiam,
1840 1609 2037 1671 quam
2084 1589 2389 1652 Germani
2435 1600 2706 1652 vocant:

565 1711 659 1772 M
651 1714 1008 1779 utterwz'tz.

655 1841 872 1919 „Urbs
930 1842 1117 1903 vobis
1184 1841 1522 1903 condenda
1570 1839 1747 1920 est,'‘
1809 1839 2207 1902 Pithetaerus
2256 1840 2386 1901 Av.
2438 1861 2531 1901 vs,
2592 1843 2704 1920 185

577 1968 940 2043 contendit,

833 2119 1018 2197 „cbo-7·q
1061 2115 1272 2204 ἄρξετ’
1315 2115 1626 2203 ἀνθρώπων
1673 2115 1788 2196 μὲν
1833 2119 2023 2200 ὥσπερ
2072 2114 2445 2201 παρνόπων.”

656 2283 718 2343 N
725 2283 830 2344 ub.
881 2304 973 2343 vs,
1030 2295 1187 2361 1355
1238 2281 1642 2364 Strepsiades
1689 2281 1976 2361 queritur
2014 2301 2082 2340 se
2122 2278 2321 2340 filium
2360 2300 2549 2340 suum
2587 2301 2713 2340 non

571 2408 764 2469 talem
806 2429 890 2469 ex
934 2407 1152 2470 schola
1203 2406 1486 2470 Socratis
1534 2407 1880 2488 recepisse,
1936 2406 2194 2487 qualem
2234 2415 2713 2487 expectaverat.

657 2535 771 2613 „In
818 2555 1020 2596 coena
1067 2534 1304 2615 aliquid
1351 2533 1570 2595 ludere
1615 2534 1859 2609 iussuS‚

1126 2682 1329 2754 εὐθέως
1373 2681 1636 2769 ἀρχαῖον
1682 2681 1780 2745 εἶν’
1830 2678 2065 2761 ἔφασκε
2112 2681 2181 2744 τὸ
2226 2679 2541 2767 κιθαρίζειν

746 2811 912 2886 ᾅδειν
960 2834 1030 2872 τε
1075 2808 1283 2872 πίνονθ’
1348 2811 1597 2894 ὡσπερεὶ
1640 2809 1879 2894 κάχρυς
1924 2807 2167 2887 γυναῖκ’
2218 2806 2515 2871 ἀλοῦσαν.

656 2939 911 3000 Patrem
951 2935 1111 2999 haec
1161 2945 1526 2999 narrantem
1573 2935 1739 2997 filius
1785 2944 1968 2998 torva
2014 2955 2173 2997 voce
2236 2935 2629 3016 interpellat:

658 3079 721 3142 οὐ
767 3076 894 3163 γοὶρ
941 3074 1072 3140 τότ’
1123 3073 1287 3146 εὐθῦς
1332 3079 1486 3161 χρῆν
1531 3073 1586 3136 ο·’
1636 3076 1759 3160 α’ρα
1788 3071 2122 3137 τύπτεσθαί
2140 3097 2209 3137 τε
2234 3076 2338 3137 καὶ
2360 3072 2716 3148 πατεῖσθαι,

659 3206 822 3282 ᾅδειν
866 3200 1154 3265 κελεύονθ’
1203 3203 1450 3287 ὡσπερεὶ
1492 3201 1795 3278 τέττιγας
1842 3200 2170 3274 ἑστιῶντα;

656 3370 890 3432 Nonne
936 3368 1255 3429 verberari
1302 3367 1619 3443 debebaS,
1668 3365 1779 3446 qui
1819 3384 2046 3426 canere
2087 3384 2191 3425 me
2229 3364 2499 3440 iubereS,
2539 3365 2722 3445 quasi

569 3497 820 3561 cicadas
884 3515 1088 3557 coena
1152 3494 1516 3574 excipereS‚
1581 3512 1749 3573 quae
1794 3491 2010 3553 cibum
2059 3511 2186 3552 non
2233 3491 2563 3571 requirunt
2610 3490 2723 3551 sed

577 3633 792 3688 totum
838 3622 1010 3683 diem
1056 3619 1347 3683 strident.

661 3827 835 3888 Nub.
883 3845 979 3886 vs,
1031 3821 1158 3902 763
1210 3819 1508 3884 Socrates
1554 3818 1905 3901 Strepsiadi
1952 3819 2257 3898 imperat:

885 3947 1192 4030 ἀποχάλα
1238 3948 1348 4026 τὴν
1393 3944 1662 4032 φροντίδ’
1714 3945 1771 4016 ἐς
1817 3945 1921 4008 τ’ὸν
1966 3941 2155 4030 ἀέρα,

885 4077 1180 4140 λινόδετον
1223 4079 1414 4159 ὥσπερ
1460 4069 1829 4153 μηλολόνθην
1874 4073 1982 4134 τοῦ
2027 4071 2222 4141 ποδός.

661 4208 985 4268 Laxatam
1047 4203 1299 4265 dimitte
1353 4200 1815 4282 cogitationem
1861 4199 1924 4259 in
1970 4217 2150 4274 aera,
2201 4206 2540 4280 tamquam
2589 4217 2728 4258 sca—

573 4334 879 4398 rabaeum
925 4330 1054 4394 lino
1100 4350 1185 4390 ex
1231 4328 1396 4409 pede
1435 4326 1813 4388 revinctum.
