3317 5134
1505 488 1591 554 79

473 680 726 743 Notum
795 691 896 744 est
965 681 1224 758 choroS,
1309 685 1460 765 quia
1543 685 1894 748 cantabant
1980 686 2040 745 in
2126 683 2434 746 honorem
2520 684 2621 760 dei

473 806 785 888 Dionysi,
833 829 1074 870 corona
1111 811 1322 870 ornari
1369 810 1590 872 solitos
1629 831 1787 874 esse.

555 1022 806 1085 Eccles.
869 1043 964 1086 vs,
1029 1024 1180 1103 634.
1261 1025 1629 1105 Praxagora
1684 1024 1870 1086 dicit:
1950 1044 2145 1105 quarn
2211 1025 2440 1086 scitum
2506 1025 2622 1085 erit

469 1167 618 1210 cum
665 1170 916 1230 pauper
960 1149 1224 1230 quidam
1273 1160 1340 1212 et
1387 1170 1586 1212 senex
1634 1160 1886 1212 amator
1930 1149 2280 1212 secundum
2330 1159 2618 1212 nostrum

470 1274 804 1336 decretum
851 1274 1032 1336 diviti
1079 1276 1289 1336 iuveni
1335 1274 1540 1337 dicat:
1589 1275 1743 1337 mihi
1788 1275 1945 1338 cede
1989 1285 2054 1337 et
2102 1274 2358 1360 ἐπιτήρει

617 1403 770 1462 ὁταν
803 1401 910 1476 ἤδη
953 1401 1072 1477 ’γὼ
1110 1401 1600 1485 διαπραξάμενος
1640 1402 1891 1485 παραδῶ
1937 1423 2023 1462 σοι
2056 1397 2470 1485 δευτεριάζειν.

469 1526 764 1607 opperire
815 1527 974 1587 dum
1033 1547 1191 1607 ego,
1253 1536 1513 1607 peracta
1561 1547 1628 1588 re
1655 1577 1670 1603 ,
1720 1527 2031 1588 secundas
2076 1535 2291 1608 partes
2336 1523 2620 1604 agendas

468 1651 583 1712 tibi
622 1652 896 1715 daturus
937 1653 1082 1715 sim.

555 1778 786 1838 Iocans
845 1777 1092 1840 EccleS.
1157 1799 1250 1840 vs,
1313 1793 1445 1859 739
1504 1779 1659 1840 civis
1682 1827 1695 1853 ,
1761 1780 1870 1859 qui
1927 1778 2382 1859 supellectilem
2433 1798 2617 1838 suam

465 1902 707 1982 colligit
747 1911 820 1964 ut
857 1901 941 1963 ad
979 1923 1195 1963 arcam
1233 1923 1645 1964 communem
1689 1923 1832 1964 eam
1851 1903 2167 1980 conserat,
2210 1923 2278 1964 se
2308 1922 2617 1984 pompam

464 2026 1066 2089 Panathenaeorum
1127 2029 1436 2090 instruere
1481 2027 1685 2108 fingit.
1732 2028 1949 2090 Molae
1994 2038 2211 2090 autem
2259 2026 2357 2089 his
2408 2029 2617 2090 verbis

465 2164 682 2234 partes
726 2155 842 2216 dat
886 2152 1273 2216 citharoedi:

1400 2305 1471 2364 σι)
1518 2304 1582 2365 δὲ
1627 2305 1778 2388 δεῦρ’
1823 2306 1856 2380 ἡ
1904 2301 2213 2388 κιθαρῳδὸς
2261 2302 2437 2381 ἔξιθι,

825 2430 1114 2499 πολλάκις
1162 2427 1571 2506 ἀναστήσασά
1615 2431 1688 2508 μ’
1737 2431 1816 2500 εἰς
1865 2429 2180 2506 ἐκκλησίαν

821 2554 972 2643 ἀωρὶ
1012 2559 1234 2642 νύκτωρ
1279 2551 1381 2618 διοέ
1427 2556 1529 2617 τὸν
1575 2554 1784 2640 ὄρθριον
1829 2558 2026 2634 νόμον.

462 2708 575 2769 Ad
600 2708 800 2769 risum
819 2706 1213 2768 movendum
1236 2705 1398 2768 ludit
1421 2725 1581 2767 voce
1605 2703 1829 2789 ὄρθριος,
1856 2725 2024 2786 quae
2046 2705 2275 2766 eodem
2301 2706 2428 2767 fere
2454 2725 2615 2766 sono

461 2843 560 2896 est
597 2854 673 2895 ac
713 2829 923 2917 ὄρθιος,
964 2831 1068 2894 τὸν
1106 2829 1280 2916 ὄρθιον
1314 2841 1532 2893 autem
1575 2837 1753 2909 νόμον
1793 2852 1877 2892 ex
1902 2831 2216 2893 Herodoti
2244 2832 2607 2893 narratione

459 2959 542 3020 de
588 2960 841 3021 Arione
887 2960 1185 3020 novimus
1225 2978 1471 3020 omnes·

547 3088 747 3168 Vesp.
799 3106 892 3148 vs,
949 3098 979 3164 5
989 3099 1076 3163 74
1120 3106 1158 3146 a
1203 3083 1605 3146 Philocleone
1652 3085 1895 3165 tropice
1939 3084 2200 3146 dicitur:

548 3216 724 3292 ἡμεῖς
771 3212 940 3290 αὐτῷ
984 3215 1126 3275 τότε
1175 3215 1282 3287 τῆς
1327 3211 1508 3295 ὀργῆς
1555 3209 1761 3287 ὀλίγον
1807 3211 1910 3272 τὸν
1954 3213 2202 3273 κόλλοπ’
2255 3209 2521 3291 ἀνεῖμεν,

459 3349 600 3401 tum
646 3340 776 3401 irae
839 3347 1095 3400 nostrae
1150 3337 1524 3399 verticillum
1574 3334 1735 3421 (quo
1783 3338 1964 3417 lyrae
2005 3335 2283 3399 chordae
2330 3340 2616 3401 intende-

460 3464 724 3546 bantur)
771 3463 1106 3544 paululum
1167 3463 1222 3524 ei
1270 3463 1658 3524 relaxamuS.

547 3690 657 3753 Ex
719 3655 858 3752 arte
925 3689 1192 3771 plastica
1250 3708 1448 3769 quam
1516 3697 1753 3750 vocant
1800 3697 1898 3752 est
1945 3691 2150 3771 petita
2199 3693 2616 3776 metaphora,

459 3837 586 3897 qua
649 3815 1022 3896 Aeschylus
1086 3815 1284 3876 utitur
1344 3814 1508 3875 Ran.
1572 3834 1668 3876 vs,
1745 3831 1945 3892 1041:
2011 3817 2384 3894 „Homerus
2444 3822 2619 3883 insti-

462 3943 582 4005 tuit
627 3943 804 4004 viros

868 4091 1122 4161 πολλοὺς
1161 4086 1466 4167 ἀγαθούς,
1514 4087 1591 4150 ὧν
1637 4085 1706 4164 ἦν
1753 4091 1861 4150 καὶ
1907 4088 2248 4172 Λοὶμαχος
2296 4097 2465 4179 ἥρως·

548 4217 672 4281 ὅθεν
717 4219 843 4298 ἡμὴ
890 4215 1047 4302 φρὴν
1092 4213 1552 4294 ἀπομαξαμένη
1602 4213 1835 4284 πολλαὶς
1884 4213 2113 4300 ἀρετὰς
2160 4219 2461 4295 ἐποίησεν,

547 4342 959 4430 Πατρόκλων,
1011 4342 1280 4426 Τεύκρων
1321 4338 1773 4420 θυμολεόντων,
1820 4351 1943 4403 cet.
