3317 5134
1681 419 1859 543 76'

659 682 920 734 coactus
991 693 1099 734 eas
1161 675 1531 755 dirumpens
1585 685 1954 737 extrorsum
2000 673 2197 736 fertur
2240 674 2556 736 densitate
2600 676 2810 736 conci-

657 795 864 854 tatus,
917 787 1222 849 stridente
1269 788 1513 868 impetu
1562 809 1631 848 se
1683 789 1895 869 ipsum
1944 787 2346 850 comburens

747 963 868 1023 Pro
936 965 1226 1043 proprio:
1299 962 1385 1025 τοὶ
1445 968 1625 1042 χείλη
1691 965 1887 1026 δακών
1949 963 2123 1025 Nub.
2187 985 2281 1028 νε.
2338 965 2501 1044 1368
2568 967 2813 1046 tropice

659 1089 923 1152 dicitur:
1430 1136 1436 1141 -

1105 1179 1264 1249 ὅμως
1312 1177 1374 1238 δὲ
1423 1177 1526 1239 τὸν
1575 1175 1759 1256 θυμὸν
1806 1177 2003 1239 δακὼν
2048 1174 2221 1257 ἔφην.

660 1301 994 1364 Paululum
1031 1303 1284 1364 diverso
1333 1324 1522 1364 sensu
1571 1303 1773 1384 Vesp.
1802 1324 1895 1364 νε.
1925 1317 2052 1382 777
2083 1303 2472 1384 Bdelycleon
2498 1304 2663 1383 patri
2691 1323 2811 1363 suo

661 1427 811 1489 dicit
831 1447 858 1488 :-
896 1429 990 1506 „si
1036 1428 1211 1488 domi
1258 1427 1600 1504 iudicabiS,

1655 1539 1799 1620 οὐχὶ
1848 1545 2051 1602 πεινῶν
2099 1538 2455 1619 ἀναμενεῖς,

1061 1662 1292 1729 &dmum
1340 1665 1597 1729 σεαυτὸν
1645 1668 1755 1727 καὶ
1799 1665 1902 1727 τὸν
1947 1663 2454 1744 ἀπολογούμενον.

664 1812 789 1851 non
859 1792 1140 1853 esuriens
1209 1791 1402 1853 finem
1489 1792 1699 1853 iudicii
1776 1801 2121 1872 expectare
2192 1800 2454 1852 coactus
2522 1791 2675 1867 eris,
2747 1801 2813 1853 te

662 1916 873 1996 ipsum
921 1925 986 1978 et
1035 1936 1215 1977 reum
1264 1915 1571 1978 crucians,

750 2040 1066 2122 Quamvis
1152 2042 1364 2118 inviti,
1411 2015 1414 2018 Δ
1452 2050 1670 2103 tamen
1754 2060 2102 2121 parumper
2191 2041 2364 2122 apud
2456 2041 2811 2104 carunculis

663 2187 857 2246 aegra
906 2168 1198 2229 membra
1247 2168 1546 2229 remorari
1590 2167 1921 2229 debemus.
1972 2167 2139 2230 Cum
2186 2187 2387 2228 senex
2432 2168 2601 2229 enim
2650 2188 2810 2247 sago

657 2291 922 2354 indutus
988 2293 1186 2372 Vesp.
1253 2312 1344 2357 vs,
1420 2306 1581 2371 1172
1646 2301 1871 2372 rogat,
1935 2293 2037 2354 cui
2097 2291 2430 2353 hominum
2502 2291 2811 2353 nobilium

661 2418 878 2480 similis
925 2419 1041 2495 sit,
1092 2395 1256 2480 filius
1304 2419 1361 2480 ei
1407 2419 1789 2500 respondet:

1108 2546 1258 2620 ὄτῳς
1306 2519 1527 2621 δοθιῆνι·
1561 2545 1829 2628 σκόροδον
1870 2542 2286 2624 ἠμφιεσμένῳ.

661 2669 1058 2749 „furuncu10‚
1107 2669 1210 2731 cui
1256 2670 1631 2751 impositum
1679 2679 1777 2732 est
1818 2690 1903 2730 ex
1943 2668 2087 2730 allio
2128 2667 2613 2749 emplastrum’'.
2656 2669 2812 2732 Eius

660 2794 925 2855 rubrum
997 2803 1194 2874 caput
1261 2794 1395 2855 sine
1459 2793 1658 2855 dubio
1726 2793 2095 2856 furunculus
2156 2794 2529 2870 videbatur,
2600 2795 2813 2857 abolla

659 2930 880 2983 autem
930 2921 1377 3001 emplastrum.
1426 2920 1520 2984 Cf.
1572 2921 1642 2982 fr.
1688 2938 1771 3001 43
1822 2921 2188 2983 Teleclidis:

753 3048 835 3108 ὅδ’
885 3044 992 3108 ἀπ’
1043 3045 1309 3122 Αἰγίνης
1356 3049 1528 3122 νήσου
1576 3053 1767 3130 χωρεῖ
1809 3021 2054 3118 δοθιῆνος
2106 3050 2267 3126 ἔχων
2316 3048 2384 3108 τὸ
2434 3052 2751 3133 πρόσωπον.

667 3173 768 3234 De
816 3171 1050 3234 Pericle
1096 3171 1256 3233 haec
1301 3169 1499 3232 verba
1543 3171 1714 3232 dicta
1762 3191 1899 3232 esse
1945 3181 2136 3253 putat
2174 3172 2506 3252 BergkiuS‚
2546 3173 2812 3234 fortasse

663 3307 882 3360 autem
953 3296 1278 3358 referenda
1347 3305 1498 3358 sunt
1561 3296 1643 3357 ad
1719 3295 2260 3377 Aristophanem,
2334 3297 2444 3377 qui
2515 3298 2814 3379 Aeginae

667 3434 858 3487 natus
903 3433 1058 3486 erat.

751 3600 913 3662 Ran.
980 3620 1074 3661 νε.
1133 3597 1300 3677 1246
1378 3598 1711 3678 Dionysus
1780 3598 2101 3680 Euripidi,
2173 3621 2370 3681 quem
2441 3602 2812 3683 Aeschylus

663 3727 944 3809 lecythio
989 3726 1094 3788 illo
1142 3725 1542 3820 profligavit,
1591 3745 1659 3786 se
1710 3725 2073 3788 adversario
2119 3729 2409 3790 assentiri
2448 3729 2763 3806 affirmat,

814 3844 956 3926 ’,χι-ὸ
1003 3851 1268 3928 ληκύθιον
1313 3852 1442 3938 γοὶρ
1491 3853 1656 3915 τοῦτ’
1710 3852 1803 3915 ἐπὶ
1849 3861 1969 3924 τοῖς
2018 3859 2361 3938 προλόγοισί
2400 3877 2503 3918 σου

841 3984 1033 4064 ὥσπερ
1079 3978 1164 4042 τοὶ
1210 3981 1338 4041 σῦκ’
1390 3978 1486 4041 ἐπὶ·
1529 3985 1711 4041 τοῖο-ιν
1761 3977 2095 4057 ὀφθαλμοῖς
2148 3976 2331 4056 ἑ’φυ.”

663 4105 1026 4187 lecythulus
1111 4107 1280 4167 enim
1365 4105 1465 4166 ille
1549 4106 1675 4167 tuis
1743 4105 2031 4186 prologis
2100 4104 2406 4168 adhaeret
2475 4114 2811 4186 tamquam

670 4234 977 4294 mariscae
1024 4229 1412 4312 (caruncula)
1460 4229 1677 4291 oculis,
