3317 5134
1556 445 1643 524 69

610 656 974 736 Lysistrata
1021 656 1356 718 mulierum
1400 667 1658 718 strenua
1704 656 1868 720 duce
1904 677 1997 718 VS.
2034 674 2057 718 1
2079 656 2190 718 161
2238 658 2373 717 eius
2397 656 2673 734 fabulae,

525 802 691 860 quae
754 802 988 843 nomen
1051 781 1135 843 ab
1199 783 1336 863 ipsa
1396 782 1678 864 accepit,
1750 781 2001 862 legatos
2066 780 2562 844 Atheniensium
2608 792 2677 845 et

523 908 857 969 Laconum
905 917 1208 989 rogante:

616 1037 680 1094 τί
717 1033 770 1094 δ’
819 1033 882 1094 οὐ
928 1033 1346 1111 διηλλάγητε,
1394 1031 1578 1118 Φέρε,
1627 1038 1694 1095 τί
1736 1033 2084 1112 τούμποδών
2100 1058 2118 1108 3

525 1146 774 1226 legatus
820 1147 1370 1226 Lacedaemonius
1417 1147 1795 1228 respondet:

615 1259 775 1338 οὲμές
820 1283 916 1335 γα
962 1265 1193 1339 λῶμες,
1243 1261 1316 1320 αἵ
1353 1282 1445 1329 τις
1493 1259 1644 1337 οὲμίν
1703 1264 2055 1337 τῶγκυκλον

614 1375 688 1449 λῇ
736 1373 902 1434 τοῦτ’
961 1369 1284 1450 ἀποδόμεν.
1331 1373 1490 1452 LyS.
1539 1379 1732 1444 ποῖον,
1782 1371 1827 1434 ὦ
1874 1377 2026 1447 τᾶν,
2074 1372 2228 1434 Lac.
2277 1371 2397 1433 τοὶν
2443 1369 2672 1447 Πύλον,

615 1481 804 1569 ἇσπερ
874 1485 1068 1546 ποὶλαι
1114 1482 1373 1564 δεόμεθα
1421 1488 1526 1546 καὶ
1572 1484 2019 1564 βλιμοέδδομες.

527 1610 664 1672 Nos
750 1611 1011 1692 quidem
1100 1610 1428 1686 volumuS,
1523 1611 1574 1671 si
1662 1612 1805 1690 quis
1899 1610 2084 1671 nobis
2172 1609 2435 1690 pallium
2523 1609 2676 1670 illud

527 1734 907 1820 (τῶγκυκλον
993 1737 1451 1798 vestimentum
1537 1746 1675 1799 erat
1759 1736 2089 1811 muliebre)
2158 1735 2423 1796 reddere
2504 1735 2677 1797 velit.

527 1862 682 1942 LyS.
731 1849 1088 1942 Quidnam,
1138 1882 1178 1922 o
1226 1861 1440 1923 bone?
1486 1861 1638 1924 Lac,
1687 1862 1953 1942 Pylum,
2001 1881 2199 1943 quam
2255 1862 2381 1922 iam
2426 1861 2671 1922 dudum

527 1989 738 2070 cupidi
783 1991 1173 2070 expetimus,
1235 1988 1559 2066 (Verbum
1608 1985 1962 2069 βλιμαζειν,
2012 1988 2245 2050 Dorice
2292 1987 2674 2068 βλιμάδδειν,

531 2114 856 2176 obscoeno
902 2134 1091 2175 sensu
1141 2113 1538 2196 usurpatur.)

615 2291 758 2353 Pac.
813 2311 908 2352 VS.
958 2290 1090 2352 686
1138 2290 1220 2351 de
1264 2288 1651 2371 Hyperbolo
1698 2290 1854 2350 scite
1899 2288 2162 2350 dicitur:

887 2413 1118 2500 ἀπορῶν
1163 2419 1195 2478 0‘
1239 2416 1424 2494 δῆμος
1473 2414 1782 2498 ἐπιτρέποι)
1829 2416 1933 2476 καὶ
1977 2413 2211 2492 γυμνὸς
2258 2415 2335 2474 ὢν

889 2532 1100 2591 τοῦτον
1144 2529 1291 2598 τέως
1338 2528 1441 2590 τὸν
1479 2529 1671 2612 ἄνδρα
1720 2524 2139 2612 περιεζώσατο,

529 2674 674 2715 cum
745 2655 1023 2736 populus
1067 2655 1238 2716 enirn
1287 2655 1516 2716 tutoris
1563 2653 1877 2734 indigeret
1922 2674 1998 2714 ac
2045 2652 2254 2714 nudus
2300 2663 2500 2728 esset,
2551 2652 2676 2715 hoc

529 2790 788 2852 homine
835 2813 904 2854 se
945 2793 1196 2855 interim
1244 2792 1539 2854 accinxit.

616 2968 850 3029 Vestes
895 2966 1242 3036 Sardianae
1287 2968 1638 3049 antiquitus
1681 2967 1959 3047 insignes
2003 2977 2183 3029 erant
2206 2976 2469 3048 propter
2493 2988 2676 3047 mag-

531 3093 788 3155 nificum
835 3095 1177 3174 puniceum
1248 3094 1527 3156 colorem
1597 3092 1717 3173 (Cf.
1791 3093 1947 3155 Plat.
2021 3113 2185 3154 com.
2263 3093 2462 3174 208.);
2531 3094 2679 3154 inde

529 3219 970 3300 DicaeopoliS,
1041 3240 1188 3281 cum
1253 3219 1482 3281 Persici
1544 3217 1742 3298 legati
1800 3227 1998 3298 caput
2058 3217 2287 3280 baculo
2348 3228 2681 3298 percutere

531 3347 841 3421 minatur,
889 3345 1136 3427 tropice
1181 3346 1332 3407 dicit
1381 3343 1551 3406 Ach.
1599 3365 1689 3405 VS.
1745 3361 1900 3404 112:
1950 3345 2239 3422 „Verum
2280 3343 2433 3405 mihi
2474 3365 2679 3421 narra,

886 3473 980 3532 ἱνα
1026 3473 1114 3550 μή
1161 3493 1226 3532 σε
1272 3470 1462 3552 βάψω
1511 3468 1759 3550 βοέμμα
1804 3469 2238 3553 σαρδιανικόν·”

531 3595 695 3658 Cum
781 3595 993 3675 Cyzici
1077 3605 1294 3658 autem
1379 3604 1590 3656 vestes
1664 3594 1844 3655 viridi
1921 3593 2133 3654 colore
2206 3595 2681 3674 tinguerentur,

530 3720 672 3780 Pac.
747 3740 838 3780 VS.
898 3733 1060 3797 1172
1132 3718 1366 3780 chorus
1444 3738 1573 3779 non
1641 3717 1830 3780 valde
1897 3717 2102 3780 facete
2167 3718 2438 3781 iocatur:
2511 3719 2682 3798 „Odi

531 3842 707 3905 illum
741 3843 1020 3906 *militem
1067 3844 1456 3923 gloriosum,

707 3973 863 4051 τρεῖς
907 3965 1131 4046 λόφους
1177 3971 1409 4046 ἔχοντα
1455 3969 1560 4028 καί
1603 3963 1873 4045 φοινικίδ’
1923 3965 2127 4044 ὀξεῖαν
2175 3968 2366 4040 ποένυ,

707 4080 776 4156 ἣν
824 4079 1034 4150 ἐκεῖνος
1079 4076 1261 4156 <Ducat
1307 4077 1453 4141 εἶναι
1499 4078 1751 4160 βοέμμα
1799 4076 2219 4162 Σαρδιανικόν,

708 4191 776 4268 ἣν
822 4194 890 4254 δέ
932 4216 1040 4254 που
1085 4193 1184 4272 δέῃ
1231 4191 1502 4272 μάχεσθ’
1550 4195 1784 4272 ἔχοντα
1825 4191 1935 4264 τὴν
1982 4190 2317 4272 φοινικίδα,

707 4307 1016 4394 τηνικαῦτ’
1067 4307 1248 4376 αὐτὸς
1295 4304 1620 4387 βέβαπται
1668 4303 1916 4386 βοέμμα
1965 4283 2384 4388 Κυζικὴνικόν.
