3317 5134
1549 466 1628 530 37

523 662 588 722 in
626 661 810 724 Odeo
857 663 954 723 ius
999 661 1300 738 dicimuS,
1352 659 1454 723 alii
1493 661 1689 724 etiam
1730 661 1907 744 apud
1944 662 2235 740 moenia,
2275 659 2471 747 (quae
2508 660 2670 724 haec

525 788 776 848 moenia
844 786 1102 864 fuerint,
1164 788 1478 850 incertum
1540 783 1689 871 est‚)
1750 796 1889 850 arte
1944 787 2239 864 conferti,
2303 787 2366 848 in
2430 796 2665 849 terram

525 923 846 994 nutanteS‚
885 923 1221 995 tamquam
1258 933 1508 976 vermes
1531 914 1594 974 in
1618 911 1857 975 cellulis
1882 913 1995 975 vix
2016 933 2135 976 nos
2158 921 2665 978 commoventes,

614 1133 674 1200 ἔς
721 1152 791 1192 τε
839 1130 950 1206 την
998 1131 1194 1205 ἄλλην
1239 1129 1480 1191 δίαιταν
1528 1127 1715 1209 ἐσμὲν
1760 1130 2182 1215 εὐπορώτατοι.

615 1255 820 1318 πάντα
867 1253 996 1341 γοὶρ
1041 1257 1369 1334 κεντοῦμεν
1415 1256 1606 1341 ἄνδρα
1652 1252 2095 1341 κάκπορίζομεν
2140 1254 2290 1336 βίον.

615 1379 786 1443 ἀλλοὶ
831 1380 959 1468 γοὶρ
1004 1378 1268 1461 κηφῆνες
1314 1383 1457 1462 ἡμῖν
1503 1383 1644 1444 εῐσῐν
1698 1380 2135 1462 ἐγκαθήμενοι,

614 1508 714 1568 οὐκ
759 1511 1010 1587 ἔχοντες
1055 1509 1312 1594 κέντρον·
1362 1508 1424 1570 οἳ
1460 1509 1745 1588 μένοντες
1792 1508 1969 1580 ἔνδον,
2018 1509 2126 1570 τοῦ
2172 1505 2357 1594 φόρου

615 1635 716 1698 τόν
762 1637 931 1698 πόνον
973 1632 1396 1708 κατεσθίουσιν,
1443 1633 1507 1698 οὐ
1554 1636 2151 1721 ταλαιπωρούμενοι.·

615 1764 790 1824 τοῦτο
837 1763 890 1824 δ’
940 1762 1067 1824 ἔστ’
1116 1764 1416 1840 ἄλγιστον
1463 1762 1638 1840 ἡμῖν,
1688 1767 1757 1837 ἥν
1802 1784 1894 1831 τις
1940 1758 2355 1847 ἀστράτευτος
2398 1763 2477 1825 ὢν

616 1886 836 1974 ἐκροφῇ
883 1889 987 1952 τὸν
1031 1886 1236 1968 μισθὸν
1282 1891 1468 1969 ἡμῶν,
1517 1888 1699 1964 τῆσδε
1746 1893 1855 1964 τῆς
1900 1890 2112 1974 χώρας
2158 1889 2300 1974 ὕπερ

616 2015 777 2093 μήτε
821 2016 1020 2090 κώπην
1065 2016 1226 2094 μήτε
1274 2017 1525 2095 λόγχην
1571 2015 1734 2092 μήτε
1778 2010 2171 2092 φλύκταιναν
2217 2010 2446 2096 λαβών.

619 2137 763 2202 ἀλλ’
811 2139 948 2220 ἐμοὶ
991 2141 1160 2204 δοκεῖ
1189 2141 1259 2203 τὸ
1306 2140 1503 2204 λοιπὸν
1550 2146 1669 2203 τῶν
1718 2144 1972 2204 πολιτῶν
2018 2140 2321 2227 ἔμβραχυ

616 2270 774 2338 ὅστις
818 2266 896 2330 όὶν
943 2268 1029 2346 μη
1077 2268 1194 2348 ’χη
1239 2268 1307 2330 τὸ
1353 2268 1610 2353 κέντρον,
1658 2269 1749 2348 μη
1795 2265 1999 2354 φέρειν
2044 2268 2387 2355 τριώβολον.

617 2470 814 2533 Vides
861 2490 1058 2550 quam
1106 2470 1187 2534 sit
1235 2469 1461 2532 festiva
1506 2469 1785 2550 pictura,
1835 2487 2033 2550 quam
2079 2468 2291 2550 lepida
2338 2489 2415 2532 ac
2461 2470 2678 2532 iocosa

526 2597 641 2658 sed
687 2597 913 2658 eadem
961 2616 1159 2678 quam
1204 2597 1498 2673 mordax,
1547 2616 1602 2658 e.
1629 2617 1685 2658 e.
1735 2615 1883 2658 cum
1929 2605 2125 2677 poeta
2164 2597 2285 2678 (vs,
2334 2597 2527 2680 1115)
2564 2618 2675 2660 eos

526 2722 877 2802 pungendo
937 2721 1023 2784 ab
1086 2741 1477 2803 unoquoque
1538 2722 1783 2783 victum
1828 2741 2135 2803 quaerere
2178 2723 2332 2787 dicit
2374 2723 2477 2786 vel
2523 2745 2671 2787 cum

527 2848 874 2928 gloriantes
925 2848 1073 2910 facit
1116 2846 1236 2933 (vs.
1294 2848 1487 2926 1105)
1538 2847 1783 2910 nullum
1829 2848 2066 2911 animal
2114 2870 2183 2911 se
2228 2850 2380 2932 ipsis
2427 2852 2673 2914 iracun-

526 2974 669 3036 dius
725 2994 800 3035 ac
855 2974 1170 3035 morosius
1226 2994 1385 3037 esse.
1449 2971 1722 3036 Summa
1780 2994 1934 3036 vero
1989 2986 2128 3039 arte
2174 2987 2370 3058 poeta
2415 2998 2677 3061 compa-

527 3101 844 3162 rationem
913 3120 1116 3182 usque
1184 3101 1265 3161 ad
1332 3100 1528 3162 finem
1591 3101 1915 3182 perduxit.
1979 3102 2124 3183 Ipse
2174 3103 2225 3164 is
2287 3103 2431 3166 finis
2477 3125 2675 3186 quam

527 3226 776 3307 lepidus
823 3237 920 3288 est
945 3236 1010 3290 et
1034 3226 1429 3288 truculentos
1454 3226 1592 3288 illos
1616 3248 1802 3289 senes
1825 3228 2091 3291 decens:
2133 3230 2273 3308 „Ut
2296 3250 2509 3292 meam
2533 3251 2677 3294 sen-

529 3353 798 3416 tentiam
833 3373 1028 3434 quam
1056 3353 1425 3415 brevissime
1447 3354 1694 3431 dicam,
1736 3375 1965 3417 censeo
1990 3354 2263 3437 posthac
2285 3357 2677 3439 quicumque

527 3481 762 3542 civium
830 3479 1124 3542 aculeum
1187 3500 1314 3541 non
1375 3478 1646 3557 habeat,
1711 3481 1762 3542 is
1825 3501 1905 3543 ne
1948 3480 2294 3544 triobolum
2342 3483 2676 3564 accipiat.”

619 3720 816 3782 Paulo
886 3730 1236 3802 antequam
1304 3719 1536 3782 chorus
1605 3729 1877 3802 apparet
1943 3719 2335 3801 Bdelycleon
2395 3740 2489 3782 vs,
2546 3737 2672 3801 223

530 3858 970 3928 spectatorum
1008 3847 1258 3909 animos
1280 3845 1454 3908 hisce
1476 3845 1689 3907 verbis
1717 3865 1903 3908 servo
1928 3843 2252 3909 Xanthiae
2286 3846 2470 3909 dictis
2494 3865 2677 3928 prae-

533 3983 755 4036 monet
799 3996 876 4038 ac
921 3974 1222 4037 intendit:

887 4186 1055 4262 ἀλλ’,
1103 4186 1148 4251 ὦ
1194 4188 1438 4274 πονηρέ,
1486 4187 1556 4250 τὸ
1605 4188 1781 4265 γένος
1827 4189 1896 4262 ἥν
1942 4209 2032 4256 τις
2078 4185 2289 4270 ὀργίσῃ

886 4316 955 4378 τὸ
1000 4321 1118 4380 τῶν
1162 4320 1480 4403 γερόντων,
1529 4312 1644 4376 ἔσθ’
1691 4317 1888 4394 ὅμοιον
1931 4310 2187 4393 σφηκιᾷ.
