3317 5134
1483 484 1560 560 85

497 825 1144 903 METAPHORAE
1174 837 1567 902 PETITAE
1601 838 1729 901 Ex
1761 837 2141 902 0P1F1clo
2176 836 2547 919 ALIQUO.

537 1053 854 1116 Plurimae
922 1053 1111 1116 huius
1169 1054 1423 1134 generis
1483 1055 1797 1134 imagines
1858 1062 2199 1116 occurrunt
2260 1053 2323 1113 in
2384 1051 2599 1113 fabula

449 1181 798 1262 Equitum,
861 1181 926 1241 in
985 1201 1116 1261 qua
1175 1181 1308 1242 duo
1371 1179 1683 1254 artificeS,
1740 1180 2041 1241 coriarius
2085 1199 2162 1241 ac
2208 1177 2599 1254 botulariuS,

449 1308 690 1388 primas
755 1315 972 1388 partes
1029 1317 1231 1387 agant
1295 1315 1494 1388 atque
1561 1306 1856 1369 videlicet
1922 1326 2117 1386 saepe
2176 1305 2263 1367 ab
2300 1306 2453 1386 ipsis
2496 1303 2597 1366 vel

451 1433 587 1494 aliis
629 1433 712 1495 ad
757 1453 982 1494 eorum
1027 1431 1353 1513 opificium
1399 1431 1738 1494 alludatur.

539 1559 666 1640 Eq.
713 1580 808 1620 vs,
855 1572 942 1637 47
992 1578 1156 1619 unus
1200 1577 1533 1619 servorum
1579 1566 1829 1619 narrat:

716 1686 749 1746 ὁ
791 1679 1342 1766 βυρσοπαφλαγὼν
1359 1730 1376 1755 ,
1423 1684 1728 1744 ὑποπεσὼν
1772 1681 1875 1744 τὸν
1920 1682 2243 1756 δεσπότην,

719 1791 963 1872 ᾔκαλλ’,
1005 1791 1264 1866 ἐθώπευ’,
1313 1792 1644 1867 ἐκολάκευ’,
1694 1792 1980 1872 ἐξηπάτα

717 1911 1182 1986 κοσκυλματίοις
1227 1899 1470 1992 ἄκροισι.

455 2031 703 2096 Ultima
785 2032 984 2094 verba
1067 2042 1264 2114 poeta
1345 2033 1486 2116 παρ’
1558 2033 1831 2094 ὑπόνοιαν
1896 2033 2048 2095 dicit
2114 2054 2234 2113 pro
2302 2037 2605 2117 λογαρίοις

458 2162 700 2243 ἄκροισι.
753 2197 842 2204 -
889 2158 1359 2237 κοσκυλμάτια;
1423 2163 1541 2220 τῶν
1601 2158 1837 2244 βυρσῶν
1896 2163 2283 2244 σμικρότατα
2330 2165 2605 2244 περικόμ-

455 2309 661 2364 ματα.
677 2283 944 2371 -(Suid.)

543 2412 660 2473 Vs,
703 2427 835 2489 214
874 2410 1044 2472 idem
1083 2431 1306 2473 servus
1345 2410 1735 2474 botularium
1775 2410 1900 2474 hoc
1947 2411 2143 2473 modo
2188 2410 2603 2474 exhortatur:

727 2535 1006 2620 τάραττε
1052 2539 1161 2598 καί
1199 2536 1441 2620 χόρδευ’
1490 2537 1643 2614 ὁμοῦ
1688 2534 1775 2597 τοὶ
1822 2535 2182 2620 πράγματα

723 2650 978 2711 ἅπαντα
996 2698 1013 2721 ,
1060 2651 1168 2711 καὶ
1211 2648 1314 2710 τὸν
1359 2649 1548 2726 δῆμον
1592 2645 1693 2710 ἀεὶ
1738 2651 2047 2734 προσποιοῦ

722 2764 1176 2840 ὑπογλυκαίνων
1218 2765 1533 2846 ρἠματίοις
1589 2769 1983 2846 μαγειρικοῖς.

457 2889 674 2949 omnia
717 2887 1010 2950 disturba
1055 2906 1131 2949 ac
1176 2887 1454 2963 disseca,
1519 2896 1856 2968 tamquam
1910 2906 2169 2948 carnem
2216 2886 2299 2948 ad
2346 2887 2605 2951 botulos

459 3014 781 3076 faciendos
799 3059 816 3090 ‚
863 3022 968 3076 cet

544 3140 661 3201 Vs,
714 3141 842 3219 314'
886 3137 1220 3220 Paphlago
1273 3138 1631 3201 exclamat:

681 3262 787 3327 οἷδ’
835 3263 961 3342 ἐγὼ
1007 3265 1076 3328 τὸ
1121 3268 1396 3349 πρᾶγμα
1442 3262 1599 3326 τοῦθ’
1647 3261 1773 3326 ὅθεν
1818 3263 2016 3326 πάλαι
2060 3268 2433 3342 καττύεται,

462 3392 611 3452 novi
658 3391 828 3453 unde
873 3411 974 3452 res
1018 3399 1388 3454 consuatur.

501 3517 649 3581 Bot.
697 3517 752 3578 εἰ
791 3515 856 3578 δὲ
900 3518 990 3595 μη
1035 3518 1109 3576 σύ
1153 3516 1222 3592 γ’
1271 3512 1436 3578 οἶσθα
1480 3515 1780 3594 κάττυμ’,
1830 3515 1948 3578 οὐδ’
1994 3513 2118 3593 ἐγὼ
2158 3517 2607 3600 χορδεύματα,

684 3631 844 3699 ὅστις
887 3629 1235 3708 ὑποτέμνων
1281 3626 1523 3698 ἐπώλεις
1568 3629 1766 3714 δέρμα
1814 3625 2122 3712 μοχθηροῦ
2166 3627 2306 3707 βοὸς

682 3747 805 3812 τοῖς
850 3739 1209 3826 ἀγροίκοισιν
1257 3744 1640 3826 πανούργως,
1686 3745 1844 3804 ὥστε
1890 3739 2213 3820 φαίνεσθαι
2256 3742 2471 3822 παχὺ,

682 3857 790 3916 καὶ
831 3855 960 3938 πρὶν
1003 3854 1237 3938 ἡμέραν
1281 3850 1541 3937 Φορῆσαι
1622 3850 1831 3934 μεῖζον
1874 3849 1944 3929 ἦν
1986 3855 2141 3916 δυοῖν
2186 3855 2480 3934 δοχμαῖν.

456 3979 818 4044 Scholiasta
881 3979 1065 4040 nobis
1127 3989 1344 4042 narrat
1401 3981 1796 4057 καττύματα
1846 3979 2046 4042 solida
2108 3981 2279 4042 coria
2340 4001 2481 4043 esse
2525 3983 2608 4043 ad

460 4106 780 4169 faciendas
823 4107 1030 4168 soleas
1050 4156 1066 4183 ,
1109 4106 1192 4168 de
1235 4125 1397 4167 voce
1443 4105 1799 4183 ὑποτέμνειν
1846 4113 2067 4166 autem
2114 4114 2418 4168 annotat:
2458 4108 2608 4168 ὅταν

459 4229 590 4316 γαρ
651 4231 989 4310 ὑποτέμνη,
1053 4232 1402 4314 παχύτερον
1465 4226 1792 4308 φαίνεται,
1843 4224 2259 4312 ἀσθενέστερον
2319 4230 2387 4291 δέ
2429 4231 2607 4302 ἐστιν,

459 4356 721 4438 oblique
781 4377 996 4420 secare
1057 4357 1147 4418 ita
1193 4365 1265 4418 ut
1311 4354 1477 4417 exile
1521 4354 1765 4416 corium
1811 4352 2086 4416 solidum
2139 4353 2450 4417 videatur.
