3317 5134
1687 473 1774 534 24

745 667 911 730 Cum
958 678 1107 749 post
1165 667 1658 749 pulcherrimam
1718 669 1941 750 epopis
2002 669 2403 745 monodiam,
2454 689 2582 748 qua
2630 668 2799 729 cives

652 815 805 857 suos
851 804 1197 871 convocat,
1248 816 1412 857 unus
1461 816 1536 857 ac
1579 796 1740 858 alter
1784 797 1919 857 avis
1967 795 2259 871 advolat,
2319 805 2514 877 poeta
2558 796 2799 857 occasi-

652 941 845 982 onem
906 923 1314 1002 amplectitur
1360 930 1432 984 ut
1494 921 1739 1002 aliquot
1799 920 2093 984 homines
2154 922 2272 983 sibi
2334 922 2570 983 invisos
2640 942 2799 1002 pau-

650 1047 840 1128 lisper
883 1057 1152 1128 pungat.

741 1175 854 1237 Vs,
905 1175 1036 1237 280
1095 1173 1256 1237 alter
1316 1194 1519 1256 epops
1579 1175 1641 1235 in
1693 1194 1951 1236 scenam
1997 1174 2212 1255 prodit
2258 1173 2370 1235 sed
2418 1171 2520 1236 hic
2565 1173 2798 1255 plumis

651 1303 990 1384 spoliatuS,
1040 1322 1172 1383 quo
1219 1303 1357 1363 viso
1403 1300 1801 1364 Pithetaerus
1849 1310 2067 1382 rogat:
2674 1285 2677 1290 ¹

745 1456 810 1515 τί
849 1452 919 1515 τὸ
966 1452 1146 1536 τέρας
1191 1455 1364 1513 τουτί
1405 1452 1537 1513 ποτ’
1589 1450 1778 1525 ἐστίν,
1826 1449 1889 1513 οὐ
1914 1444 2007 1511 ’σύ
2044 1454 2220 1528 μόνος
2266 1451 2361 1535 ἄρ’
2409 1446 2530 1525 ἧσθ’
2574 1451 2749 1529 ἒποψ,

747 1576 918 1640 ἄλλα
965 1577 1187 1657 χοῦτος
1233 1577 1462 1662 ἕτερος,

744 1705 844 1766 cui
889 1704 1118 1785 Epops
1165 1701 1541 1783 respondet:
1589 1698 1735 1762 ἀλλ’
1785 1698 1953 1770 οὗτος
1998 1702 2114 1779 μέν
2162 1699 2288 1762 ἐστι
2334 1699 2692 1770 Φιλοκλέους

965 1829 1035 1908 ἐξ
1083 1833 1326 1901 ἔποπος,
1386 1827 1510 1906 ἐγὼ
1556 1828 1620 1890 δὲ
1667 1830 1882 1890 τούτου
1929 1827 2169 1897 ποέππος
2195 1876 2211 1899 ,
2261 1831 2452 1912 ὥσπερ
2502 1828 2557 1888 εἰ
2596 1829 2799 1905 λέγοις

966 1955 1293 2026 Ἱππόνικος
1336 1953 1627 2017 Καλλίου
1676 1952 1800 2032 κάξ
1849 1953 2180 2016 Ἱππονίκου
2226 1953 2549 2023 Καλλίας.

749 2081 914 2145 Pith.
963 2080 1264 2151 Καλλίας
1311 2081 1405 2166 ἄρ’
1453 2077 1622 2149 οὗτος
1668 2080 1848 2164 οὕρνις
1894 2078 2072 2141 ἐστίν·
2120 2081 2196 2150 ὡς
2244 2086 2595 2164 πτερορρυεῑζ

743 2210 866 2290 Ep.
962 2208 1077 2270 o‘c'rs
1123 2206 1251 2291 γοὶρ
1299 2208 1375 2268 ὢν
1422 2211 1698 2284 γενναῖος
1744 2205 1851 2267 ὑπὸ
1893 2209 2010 2267 τῶν
2049 2202 2446 2285 συκοφαντῶν
2482 2209 2797 2278 τίλλεται,

965 2336 1044 2396 αἵ
1069 2356 1137 2396 τε
1193 2330 1420 2409 θήλειαι
1466 2334 1981 2415 προσεκτίλλουσιν
2032 2330 2221 2393 αὐτοῦ
2270 2329 2357 2393 τοὶ
2406 2331 2619 2416 πτερα’.

743 2498 950 2561 Multa
1019 2498 1133 2559 viri
1201 2497 1374 2558 docti
1442 2495 1935 2574 disputaverunt
1995 2494 2075 2556 de
2139 2494 2340 2557 altero
2402 2494 2507 2557 illo
2568 2514 2795 2576 epope.

654 2625 966 2707 Quaestio
1027 2623 1178 2686 mihi
1245 2622 1498 2684 videtur
1558 2641 1688 2682 non
1753 2621 1915 2682 adeo
1978 2621 2401 2702 ad·unguem
2447 2642 2587 2682 esse
2634 2641 2799 2683 rese-

649 2751 874 2815 canda.
922 2750 1150 2831 Epops
1194 2747 1485 2810 Philoclis
1532 2747 1831 2807 nimirum
1873 2755 1970 2808 est
2008 2766 2227 2827 epops,
2274 2747 2382 2827 qui
2424 2749 2697 2809 occurrit
2734 2748 2795 2808 in

649 2876 839 2939 huius
877 2886 1110 2958 poetae
1141 2872 1355 2937 fabula
1382 2874 1789 2949 Pandionide,
1817 2871 2048 2950 „huius
2074 2874 2298 2954 epopis
2321 2872 2547 2951 filius'',
2574 2875 2795 2956 inquit,

651 3012 794 3082 „est
817 3002 995 3064 hicce
1014 3051 1029 3078 ,
1071 3021 1196 3081 ego
1237 3009 1457 3062 autem
1483 2999 1977 3079 antiquissimus.
1995 3018 2138 3059 sum
2164 3018 2365 3079 epops
2390 2996 2537 3083 (nos
2563 2999 2799 3061 dicere-

651 3147 828 3190 mus:
867 3126 946 3187 de
981 3125 1235 3208 oerlzop)
1275 3124 1540 3187 huiusce
1580 3144 1736 3205 ergo
1777 3142 1922 3183 sum
1947 3121 2169 3185 avuS.’'
2212 3124 2429 3186 Merus
2455 3135 2552 3187 est
2576 3125 2796 3206 jocuS‚

652 3254 806 3317 nihil
864 3253 1052 3316 aliud.

741 3381 1014 3445 Occasio
1078 3400 1246 3442 nunc
1294 3377 1617 3459 pulchrior
1664 3384 1762 3437 est
1809 3394 2009 3456 quam
2074 3385 2143 3438 ut
2188 3385 2383 3456 poeta
2431 3377 2801 3459 neglegeret

651 3509 844 3570 etiam
891 3505 1325 3587 Cleonymum
1372 3502 1685 3578 salutare,
1735 3509 2018 3563 veterem
2065 3500 2360 3561 amicum.
2416 3501 2581 3564 Cum
2629 3503 2797 3563 enim

650 3654 743 3695 vs,
819 3634 945 3710 287
1017 3631 1153 3692 avis
1214 3628 1339 3691 alia
1384 3635 1686 3709 apparet,
1735 3625 2134 3688 Pithetaerus
2181 3625 2531 3688 exclamat:

915 3766 960 3830 ὦ
1005 3765 1325 3838 Πόσειδον,
1376 3765 1572 3850 ἕτερος
1622 3761 1703 3826 αὖ
1749 3786 1840 3834 τις
1886 3762 2127 3845 βαπτὸς
2174 3766 2319 3848 ὅρνις
2367 3764 2579 3826 οὑτοσί.

916 3886 1008 3953 τίς
1055 3878 1434 3962 ὀνομάζεταί
1476 3877 1600 3942 ποθ’
1649 3877 1852 3954 οὗτος;
1902 3879 2027 3960 Ep.
2072 3879 2270 3941 οὑτοσὶ
2313 3875 2734 3957 κατωφαγᾶς.

690 3998 854 4062 Pith.
897 4000 1024 4060 ἔστι
1071 3994 1200 4081 γαρ
1248 3991 1657 4074 κατωφαγᾶς
1707 4016 1797 4064 τις
1844 3993 2033 4062 ἄλλος
2079 3989 2111 4066 ἢ
2160 3990 2573 4071 Κλεώνυμος;

731 4164 904 4225 Tum
952 4160 1305 4242 Euelpides
1354 4160 1601 4221 iocatur
1622 4178 1635 4219 :

780 4318 902 4383 πῶς
947 4311 1024 4374 οἳν
1068 4307 1166 4374 οὖν
1214 4309 1600 4386 Κλεώνυμος
1646 4304 1719 4384 γ’
1768 4306 1846 4366 ὢν
1890 4304 1992 4367 οὐκ
2039 4301 2324 4386 ἀπέβαλε
2374 4306 2477 4368 τὸν
2525 4303 2750 4386 λόφον,
