3317 5134
1572 483 1646 547 35

622 673 990 756 Hesychius
1051 687 1357 740 annotat:
1423 677 1900 755 Διακίγκλισονε
1956 677 2264 740 &zoio-secem
2325 681 2574 756 κίγκλος
2618 679 2682 740 δὲ

527 801 718 882 ὄρνεον
764 802 797 876 ἡ
848 807 1211 880 σεισοπυγίς.
1259 803 1577 866 Videntur
1616 802 1683 865 hi
1731 823 1951 866 versus
1997 823 2376 884 responsum
2418 824 2557 866 esse
2594 805 2680 866 ab

525 924 938 1006 Amphiarao
986 929 1229 991 mulieri
1275 929 1612 993 redditum.
1668 927 2017 1016 (Dindorf.)

611 1051 705 1115 Cf.
757 1053 828 1116 fr.
887 1074 910 1117 1
967 1057 1380 1133 AutocratiS,
1445 1058 1622 1138 quod
1667 1066 1880 1120 totum
1928 1056 2302 1133 laudamuS,
2368 1057 2676 1138 quoniam

521 1187 830 1246 magnam
879 1170 1356 1233 similitudinem
1403 1172 1672 1252 praebet
1709 1191 1857 1232 cum
1881 1170 2036 1251 Lys
2065 1192 2157 1234 VS.
2196 1171 2358 1249 1308
2386 1190 2478 1250 sq.
2508 1189 2671 1249 quos

523 1315 720 1374 supra
766 1299 1435 1361 commemoravimus,

1146 1511 1240 1574 οἶα
1287 1510 1594 1594 παίζουσιν
1637 1510 1821 1592 φίλαι

1146 1637 1414 1724 παρθένοι
1463 1636 1691 1701 Λυδῶν
1734 1643 1936 1724 κόραι,

1145 1767 1349 1844 κοῦφα
1397 1766 1664 1842 πηδῶσαι
1708 1768 1945 1844 κόμαν,

1140 1889 1611 1977 κάνακρούουσαι
1656 1897 1891 1977 χεροῖν,

1144 2015 1453 2095 Ἐφεσίαν
1501 2019 1641 2103 παρ’
1694 2016 2047 2104 ”Αρτεμιν,

1136 2147 1502 2216 καλλίσταν,
1549 2146 1655 2205 καὶ
1697 2150 1821 2206 τοῖν
1866 2145 2078 2223 ἰσχίων

1139 2268 1208 2330 τὸ
1255 2267 1372 2348 μὲν
1416 2269 1586 2331 κατ-ω
1635 2269 1705 2331 τὸ
1752 2269 1803 2330 δ’
1856 2266 1936 2330 αὖ

1137 2395 1217 2465 εἰς
1265 2395 1388 2456 ἄνω
1435 2396 1757 2480 ἐξαίρουσα

1134 2520 1229 2583 οἷα
1279 2525 1528 2599 κίγκλος
1575 2521 1859 2583 ἅλλεται.

1318 3123 1856 3188 INSECTA.

593 3313 764 3375 Inter
823 3312 984 3376 haec
1043 3334 1281 3395 vespae
1340 3315 1634 3375 nimirum
1684 3313 1877 3394 longe
1921 3313 2235 3395 plurimae
2279 3326 2653 3392 occurrunt,

496 3441 740 3521 quippe
779 3461 928 3503 cum
964 3451 1104 3503 tota
1141 3452 1375 3522 poetae
1416 3439 1630 3501 fabula
1671 3460 1908 3514 nomen
1962 3440 2047 3501 ab
2094 3440 2230 3502 istis
2254 3438 2654 3503 ferocissimis

493 3567 781 3629 bestiolis
827 3568 1272 3648 desumpserit.
1318 3565 1653 3628 Probabile
1694 3565 1847 3627 mihi
1872 3566 2127 3628 videtur
2148 3565 2345 3630 Hom.
2374 3566 2444 3629 ΙΙ.
2471 3535 2648 3633 XVI.

491 3712 590 3752 vs,
642 3704 770 3772 259
829 3701 1065 3773 poetae
1127 3702 1348 3754 nostro
1413 3693 1875 3772 cogitationem
1926 3692 2468 3773 suppeditavisse,
2519 3716 2650 3775 qua

427 3841 440 3850 ’
493 3815 810 3895 fabulam,
873 3836 1074 3898 quam
1130 3817 1193 3877 in
1250 3825 1467 3878 mente
1525 3817 1805 3878 versavit
1862 3826 2087 3880 contra
2144 3817 2646 3883 Atheniensium

488 3942 871 4003 iudiciorum
941 3943 1238 4003 insanum
1308 3961 1629 4018 amorem,
1705 3950 1775 4003 ut
1842 3943 1930 4005 ita
1991 3943 2200 4005 dicam
2222 3994 2235 4021 ,
2284 3956 2646 4010 exstrueret

487 4077 561 4130 et
605 4077 881 4130 ornaret.

583 4217 771 4279 Felix
825 4219 881 4279 ei
928 4227 992 4280 et
1038 4218 1318 4280 facetum
1364 4218 1539 4279 venit
1588 4219 1649 4278 in
1700 4227 1982 4281 mentem
2049 4220 2381 4283 inventum
2445 4224 2643 4306 adap-

483 4344 669 4408 tandi
733 4341 1055 4406 choreutis
1116 4343 1371 4405 aculeos
1431 4364 1793 4425 vesparum.
1858 4346 1986 4426 Ipsi
2033 4366 2217 4407 senes
2260 4348 2498 4410 iudices
2526 4348 2637 4411 vs,
