3317 5134
1626 458 1713 522 70

693 655 824 716 Av.
878 675 970 716 ve.
1019 656 1151 734 670
1210 654 1580 736 perhibetur
1624 656 1707 717 de
1751 656 2015 737 pulchra
2059 657 2340 738 quadam
2385 657 2487 718 avi
2534 654 2745 717 nitidls

598 780 831 862 plumis
877 782 1143 860 insigni:

950 908 1082 968 ὅσον
1133 907 1184 966 δ’
1233 909 1367 985 ἔχει
1412 906 1515 968 τὸν
1560 906 1784 990 χρυσὸν
1828 911 2017 992 ὥσπερ
2066 884 2361 992 παρθένος.

601 1042 918 1113 quantum
966 1031 1164 1095 habet
1208 1033 1376 1108 auri,
1427 1041 1761 1113 tamquam
1808 1043 2071 1113 compta
2115 1032 2344 1114 puella.

687 1182 898 1244 Ovidii
942 1182 1164 1244 .verba
1235 1183 1419 1266 (Met.
1495 1181 1669 1244 XIII.
1742 1181 1824 1264 1.)
1897 1181 2116 1263 „vulgi
2185 1191 2397 1245 stante
2461 1181 2741 1244 corona'’

596 1306 938 1387 unicuique
975 1316 1126 1368 sunt
1165 1316 1340 1388 nota,
1382 1305 1609 1367 eadem
1648 1316 1869 1368 autem
1905 1306 2286 1388 metaphora
2308 1305 2467 1370 Plut.
2493 1327 2585 1368 VS.
2615 1305 2745 1385 786

600 1431 986 1512 Chremylus
1008 1433 1207 1494 utitur
1238 1450 1498 1493 narrans
1524 1441 1770 1513 quanta
1796 1431 2140 1494 multitudo
2162 1432 2419 1495 Plutum
2444 1441 2753 1493 sanatum·

599 1559 662 1618 in
710 1557 846 1619 foro
892 1557 1412 1620 circumsteterit:

1815 1677 1969 1740 ποῖος
2014 1669 2114 1731 οὐκ
2162 1673 2346 1749 ὄχλος

954 1792 1504 1880 περιεστεφάνωσεν
1561 1793 1621 1857 ἐν
1666 1793 1872 1881 ἀγορᾷ
1919 1794 2341 1880 πρεσβυτικός;

688 1998 862 2060 Nub.
911 2019 1007 2059 vs,
1051 2012 1181 2077 749
1239 2007 1310 2061 ut
1363 1998 1584 2059 debita
1644 2019 1761 2059 sua
1815 1999 2060 2060 solvere
2117 2008 2377 2061 coactus
2438 2019 2565 2060 non
2630 2001 2741 2075 sit,

605 2123 956 2205 Strepsiadi
1004 2125 1334 2204 ingeniosa
1379 2125 1554 2186 venit
1597 2124 1657 2184 in
1707 2133 1989 2186 mentem
2028 2125 2371 2204 cogitatio:
2420 2123 2488 2185 Si
2525 2124 2741 2185 lunam

599 2271 688 2311 ex
733 2249 913 2312 caelo
958 2250 1369 2326 deducerem,

2144 2373 2279 2438 εἶτα
2326 2376 2388 2437 δὲ

912 2499 1104 2577 αὐτὴν
1151 2497 1530 2583 καθείρξαιμ’
1581 2498 1638 2570 ἐς
1687 2498 1927 2580 λοφεῖον
1971 2505 2386 2587 στρογγύλον,

907 2629 1098 2709 ὥσπερ
1144 2624 1512 2708 κάτοπτρον,
1554 2622 1724 2702 κᾷτα
1772 2630 2002 2710 τηροιήν
2048 2629 2241 2706 ἔχων,

598 2771 674 2812 ac
710 2751 936 2812 deinde
974 2751 1341 2812 conclusam
1386 2752 1446 2811 in
1487 2772 1683 2832 capsa
1716 2751 2010 2828 rotunda,
2051 2762 2385 2834 tamquam
2410 2753 2743 2834 speculum

594 2895 1013 2937 asservarem.

687 3076 1052 3138 Botularius
1137 3075 1419 3137 Demum
1493 3076 1768 3138 edocens
1834 3077 2040 3157 qualis
2109 3087 2299 3140 antea
2367 3079 2550 3139 fuerit
2618 3079 2723 3159 Eq

595 3224 688 3263 vs,
765 3217 928 3281 1347
990 3201 1355 3263 contendit:
1422 3200 1532 3280 „Si
1595 3202 1740 3282 quis
1794 3202 1909 3265 tibi
1972 3201 2395 3277 blandiretur,
2457 3202 2745 3264 facillime

598 3338 661 3390 te
707 3328 1001 3408 decipere
1048 3336 1336 3408 poterat,
1386 3336 1455 3390 tu
1504 3325 1734 3389 stolide
1782 3326 1932 3390 nihil
1978 3327 2333 3404 sentiebaS,
2500 3313 2503 3318 ¹

908 3451 993 3514 τοὶ
1040 3452 1093 3514 δ’
1142 3451 1274 3514 ὦτά
1321 3449 1390 3530 γ’
1440 3453 1517 3512 ἄν
1560 3473 1663 3513 σου
1709 3452 1775 3528 νη
1824 3451 1930 3513 Δί’
1978 3451 2413 3530 ἐξεπετάννυτο

908 3581 1099 3664 ὥσπερ
1148 3578 1439 3640 σκιάδειον
1485 3580 1589 3638 καὶ
1627 3579 1809 3639 πάλιν
1854 3579 2170 3657 συνήγετο.

595 3717 931 3789 tamquam
981 3705 1294 3786 umbella,
1353 3703 1702 3782 mehercle,
1753 3725 1937 3766 aures
1985 3715 2133 3767 tuae
2180 3726 2248 3766 se
2293 3705 2747 3769 distendebant

597 3842 661 3895 et
707 3853 922 3895 rursus
967 3829 1458 3894 contrahebant.

688 4034 938 4095 Notum
1000 4042 1098 4095 est
1160 4030 1441 4095 Athenis
1493 4031 1873 4113 plerumque
1934 4032 2227 4092 mulieres
2296 4032 2473 4093 domi
2532 4041 2747 4094 vestes

596 4157 914 4220 conficere
999 4157 1217 4219 solitas
1302 4176 1472 4233 esse,
1546 4167 1842 4219 curantes
1912 4159 2071 4218 ἱστόν
2140 4157 2196 4216 τ’
2270 4156 2588 4234 ἠλακάτην
2654 4181 2745 4220 τε.

595 4283 857 4346 Etenim
918 4281 1261 4345 lanificium
1323 4282 1448 4343 fere
1517 4283 1775 4344 unicum
1821 4281 2184 4345 habebatur
2228 4284 2595 4364 negotium,
2644 4285 2747 4346 cui
