3317 5134
1701 498 1773 541 12

655 711 859 771 equus
908 702 1194 754 mutatus
1243 702 1340 754 est
1387 694 1448 753 in
1497 693 1913 755 scarabaeum
1962 692 2128 753 male
2173 692 2453 754 olentem
2502 692 2797 753 immanis

657 817 1142 897 magnitudiniS‚
1191 838 1308 898 pro
1348 816 1542 879 heroe
1580 827 1800 880 autem
1843 817 2171 899 splendide
2217 826 2469 879 armato
2508 817 2800 878 videmus

658 944 1007 1024 simplicem
1057 944 1386 1006 rusticum.

744 1068 1086 1150 Magnifica
1133 1070 1331 1132 verba
1370 1069 1629 1132 audacis
1652 1071 1884 1150 equitis
1908 1071 1969 1131 in
1998 1072 2194 1132 risum
2220 1071 2562 1152 iocumque
2591 1071 2798 1131 detor·

656 1204 966 1276 quentur‚
1032 1215 1180 1256 cum
1242 1216 1370 1256 non
1433 1197 1559 1257 iam
1622 1196 1831 1258 alacer
1897 1217 2102 1277 equus
2162 1197 2273 1258 sed
2321 1196 2473 1258 illud
2521 1205 2799 1258 taetrum

657 1330 1015 1383 monstrum
1062 1322 1397 1384 excitetur.

746 1447 1112 1508 Audiamus
1179 1448 1377 1509 verba
1436 1449 1633 1529 ipsius
1698 1458 1961 1530 poetae,
2028 1450 2323 1509 nimirum
2394 1469 2496 1525 ea,
2568 1449 2801 1530 quibus

653 1573 1035 1635 scarabaeus
1080 1584 1492 1656 comparatur
1528 1596 1678 1637 cum
1714 1575 1997 1656 PegaSO‚
2042 1594 2190 1637 nam
2231 1574 2390 1636 haec
2414 1573 2549 1636 sola
2574 1575 2654 1636 ad
2680 1597 2797 1638 nos

658 1700 952 1762 attinent.

748 1825 938 1890 Alter
1021 1848 1385 1904 servorum,
1471 1830 1580 1909 qui
1653 1829 1715 1888 in
1796 1849 1987 1890 scena
2073 1837 2257 1910 sunt,
2329 1829 2797 1910 spectatoribus

655 1965 870 2018 narrat
929 1954 1153 2017 herum
1240 1976 1464 2034 suum,
1537 1975 1687 2016 cum
1768 1956 1850 2017 de
1919 1957 2164 2036 patriae
2250 1977 2406 2018 suae
2472 1958 2801 2039 totiusque

655 2081 962 2144 Graeciae
1037 2083 1402 2144 conditione
1463 2082 1866 2163 desperaret,
1952 2081 2139 2142 variis
2219 2082 2425 2143 modis
2494 2092 2799 2144 conatum

655 2229 792 2269 esse
831 2209 892 2269 in
933 2208 1184 2270 coelum
1231 2209 1312 2270 ad
1361 2209 1580 2269 Iovem
1622 2207 1981 2289 pervenire3
2030 2215 2098 2271 at
2137 2228 2366 2288 parum
2408 2208 2799 2272 eihactenus

654 2336 1035 2397 successisse
1079 2355 1234 2411 rem,

1013 2483 1189 2566 ἐχθὲς
1233 2484 1296 2547 δὲ
1344 2483 1516 2563 μετα
1563 2484 1743 2545 ταῦτ’
1793 2480 2106 2568 ἐκφθαρεὶς
2152 2484 2254 2546 οὐκ
2298 2485 2403 2548 οἷδ’
2451 2488 2576 2548 ὅποι

1015 2592 1306 2689 εἰσήγαγ’
1356 2608 1656 2672 Αἰτναῖον
1702 2610 2001 2688 μέγιστον
2046 2608 2355 2695 κοένθαρον,

1010 2738 1275 2799 κᾶπειτα
1326 2739 1538 2799 τοῦτον
1585 2738 1933 2815 ἱπποκομεῖν
1980 2737 2050 2813 μ’
2102 2735 2473 2818 ἠνοέιγκασεν.2

1005 2861 1226 2932 καύτὸς
1272 2862 1574 2940 καταψῶν
1621 2860 1807 2923 αὐτὸν
1853 2865 2044 2945 ὥσπερ
2093 2865 2324 2934 πωλίον,

1006 2987 1095 3060 „cb
1141 2985 1560 3065 Πηγασειον,”
1620 2985 1790 3067 φησί,
1840 2995 2166 3066 ,,γενναι“ον
2212 2987 2425 3071 πτερὸν

1009 3115 1158 3183 ὅπως
1205 3113 1446 3188 πετήσει
1491 3112 1561 3190 μ’
1606 3108 1737 3173 εὐθι)
1785 3115 1891 3174 τοῦ
1938 3111 2080 3182 Διὸς
2128 3110 2404 3192 λαβών.”

1012 3239 1155 3302 ἀλλ’
1205 3243 1242 3302 ὅ
1281 3263 1340 3302 τι
1386 3246 1546 3302 ποιεῖ
1578 3240 1714 3319 τῃδὶ
1756 3239 2059 3318 διακύψας
2105 3240 2357 3318 ὄψομαι.

744 3405 1011 3486 Iamque
1049 3424 1163 3485 per
1202 3405 1432 3465 rimam
1473 3404 1616 3466 ostii
1654 3403 2009 3484 introspicit
2053 3423 2275 3464 servus
2332 3404 2485 3484 quid
2540 3405 2798 3466 tandem

654 3531 824 3592 intus
872 3530 1059 3592 faciat
1105 3530 1402 3591 dominus
1450 3549 1748 3592 vesanuS.
1798 3528 2069 3608 „Eheu”
2128 3527 2486 3604 exclamat,

1049 3696 1203 3772 οἴμοι
1251 3693 1474 3762 ταλας·
1527 3695 1613 3755 ἴτε
1662 3693 1824 3777 δεῦρο
1871 3692 2047 3777 δεῦρ’,
2098 3690 2143 3754 ὦ
2188 3697 2481 3772 γείτονες·

1056 3821 1087 3880 ὁ
1131 3819 1418 3894 δεσπότης
1481 3818 1610 3902 γαρ
1659 3841 1777 3896 μου
1824 3818 2121 3902 μετέωρος
2166 3820 2405 3903 αἴρεται

1059 3943 1302 4020 ἱππηδὸν
1349 3942 1408 4015 ἐς
1453 3944 1556 4007 τὸν
1602 3941 1729 4025 ἀέρ’
1782 3942 1879 4006 ἐπῖ
1921 3946 2028 4006 τοῦ
2074 3942 2394 4029 κανθοέρου.

744 4121 1088 4201 Trygaeus
1133 4119 1421 4182 sublimis
1466 4119 1680 4196 fertur,
1722 4119 1879 4181 dum
1920 4118 2267 4180 scitissimis
2308 4117 2519 4180 verbis
2542 4118 2805 4196 animal,

653 4246 830 4327 quod
877 4247 935 4306 ei
982 4264 1097 4326 pro
1147 4265 1315 4325 equo
1364 4254 1496 4322 est,
1545 4243 1921 4307 cohortatur
1967 4252 2164 4323 atque
2219 4243 2456 4306 incitat.
2505 4244 2620 4306 Vs.
2680 4243 2803 4305 126

656 4383 874 4433 autem
923 4368 1087 4430 filiae
1133 4370 1524 4448 perterritae,
1573 4388 1742 4448 quae
1786 4367 1996 4428 verbis
2037 4366 2393 4448 Euripideis
2433 4388 2583 4428 eum
2613 4368 2806 4430 inter-
