3317 5134
1583 471 1661 535 55

559 651 772 712 solum
829 653 1132 716 omnibus
1195 654 1406 715 modis
1463 675 1584 716 vos
1641 658 1905 738 capiunt
1964 679 2041 720 ac
2084 669 2304 722 assant
2348 660 2463 722 sed
2506 662 2699 723 etiam

559 778 660 838 ius
703 777 1054 842 conficiunt
1860 753 1881 772 ο

1093 887 1358 948 aeda-sem
1403 885 1863 946 xxresaesbxsxv
1908 883 2117 970 off-,252

1097 993 1274 1058 τεῦτε
1319 995 1454 1058 καθ’
1503 999 1671 1075 ὑμῶν

1095 1115 1254 1170 xia-‘cv
1299 1114 1492 1194 ὥσπερ
1537 1111 1899 1194 κενερρειωγ.

561 1253 639 1293 ac
681 1233 912 1296 deinde
955 1235 1164 1296 calido
1199 1235 1324 1298 hoc
1361 1237 1496 1298 iure
1533 1257 1652 1298 vos
1674 1249 2105 1319 conspergunt
2130 1249 2463 1321 tamquam
2486 1261 2707 1302 carnes

563 1357 994 1420 morticinas.”
1042 1361 1109 1440 (i.
1135 1381 1194 1422 e.
1241 1371 1644 1424 mortuorum
1683 1362 2083 1448 animalium)
2106 1366 2419 1428 Videmus
2440 1368 2708 1448 antiquo

561 1493 855 1566 tempore
897 1506 1147 1567 coquos
1188 1487 1452 1568 collegis
1487 1489 1618 1550 suis
1653 1486 1845 1550 huius
1880 1491 2187 1571 temporis
2226 1512 2353 1554 non
2378 1492 2710 1555 dissimiles

565 1610 774 1671 fuisse.
823 1612 1062 1692 Aeque
1105 1611 1426 1676 callebant
1468 1614 1885 1676 subrancidas
1930 1636 2155 1678 carnes
2200 1618 2335 1679 iure
2372 1618 2537 1680 bene
2557 1640 2711 1681 con-

561 1735 702 1796 dito
744 1746 1050 1818 acceptas
1095 1737 1362 1800 reddere
1406 1740 1825 1801 convivarum
1872 1739 2111 1821 palatO.

652 1863 790 1924 Av.
855 1882 948 1924 VS.
997 1861 1128 1943 673
1195 1863 1546 1945 Euelpides
1561 1913 1578 1944 ,
1647 1876 1997 1947 postquam
2056 1865 2407 1929 Philomela
2426 1917 2441 1945 ,
2509 1867 2711 1930 duleis

563 1987 778 2069 puella
823 1989 960 2050 eius
1005 2000 1240 2070 rogatu
1283 1991 1618 2071 apparuit,
1666 1990 2047 2054 confitetur:

919 2117 1046 2192 ἐγὼ
1091 2115 1208 2193 μὲν
1253 2115 1446 2192 αὐτὴν
1491 2115 1607 2177 2327
1653 2115 1913 2194 φιλῆσαι
1956 2139 2061 2195 μοι
2099 2118 2268 2179 δοκῶ.

563 2241 922 2322 Equidem,
971 2243 1236 2322 opinor,
1285 2243 1344 2303 ei
1388 2240 1685 2304 osculum
1733 2262 1861 2303 non
1908 2242 2061 2304 dare
2110 2262 2379 2323 nequeo·

699 2368 864 2432 Pith.
925 2366 1096 2440 ἀλλ’,
1145 2366 1191 2430 ὦ
1234 2369 1635 2446 κακόδαιμον,
1682 2371 1919 2452 ῥύγχος
1966 2367 2295 2448 ὀβελίσκοιν
2336 2372 2491 2446 ἔχει.

566 2507 696 2569 Sed
741 2529 784 2569 o
830 2507 1214 2583 miserrime,
1263 2516 1542 2569 rostrum
1598 2504 1800 2568 habet
1853 2506 2131 2568 duorum
2181 2526 2451 2568 veruum
2496 2508 2715 2572 instar.

567 2637 740 2698 Tum
785 2633 981 2696 alter:

923 2756 1070 2819 ἀλλ’
1116 2762 1308 2841 ὥσπερ
1352 2758 1462 2833 ᾠὸν
1507 2759 1574 2834 νὴ
1621 2757 1739 2818 Δί’
1788 2757 2199 2836 ἀπολέψαντα
2245 2759 2367 2842 χρὴ

923 2869 1044 2933 sim*
1093 2875 1200 2947 τῆς
1244 2868 1525 2948 κεφαλῆς
1571 2870 1641 2933 τὸ
1688 2872 1912 2950 λέμμα,
1959 2867 2094 2947 κᾷθ’
2144 2872 2296 2933 οὕτω
2340 2870 2561 2950 φιλεῖν.

570 3063 670 3125 At
713 3061 926 3124 hercle
969 3071 1258 3143 oportet,
1307 3070 1642 3141 tamquam
1702 3059 1789 3121 ab
1849 3080 1977 3122 ovo
2042 3060 2392 3142 deglubere
2451 3060 2538 3122 ab
2582 3061 2720 3122 eius

567 3189 780 3270 capite
826 3197 1138 3269 putamen
1185 3208 1262 3249 ac
1306 3187 1538 3249 deinde
1583 3186 1874 3250 osculari.

571 3315 839 3394 „Durch
900 3316 1002 3377 die
1060 3315 1372 3396 Begierde
1432 3316 1548 3377 des
1614 3314 1965 3396 Euelpides
2032 3312 2198 3376 nach
2266 3315 2475 3375 einem
2542 3313 2721 3374 Kuss

574 3443 750 3521 wird,
775 3443 895 3503 wie
919 3462 989 3502 es
1011 3439 1279 3518 scheint,
1303 3440 1406 3502 die
1429 3440 1745 3522 passende
1768 3438 2191 3521 Gelegenheit
2226 3459 2338 3501 zur
2361 3439 2723 3520 Ablegung

572 3567 687 3629 des
745 3566 1102 3630 Schnabels
1170 3566 1288 3630 mit
1347 3566 1462 3628 der
1518 3565 1955 3647 Vogelmaske
2016 3565 2380 3647 eingeleitet
2401 3615 2416 3641 ,
2480 3564 2722 3627 welche

572 3693 676 3754 die
721 3693 894 3754 Frau
941 3690 1288 3774 Nachtigal
1334 3689 1462 3753 bei·
1481 3690 1685 3754 ihrem
1730 3691 2124 3774 Flotenspiel
2170 3691 2291 3774 (vs,
2338 3688 2500 3776 679)
2546 3690 2723 3754 nicht

575 3816 903 3880 brauchen
949 3815 1191 3880 kann.'’
1247 3815 1541 3903 (KOCK.)

664 3943 924 4009 Thesm.
971 3965 1048 4006 vs
1103 3961 1126 4006 1
1148 3959 1266 4024 192
1313 3942 1561 4025 Scytha
1607 3942 1794 4004 nobis
1840 3943 1968 4004 iam
2018 3951 2231 4021 notu3‚
2272 3963 2471 4025 quem
2508 3943 2723 4025 puella

574 4092 668 4135 vs,
727 4089 750 4132 1
770 4075 893 4135 180
936 4091 1083 4134 cum
1133 4070 1338 4152 pulice
1382 4079 1758 4151 comparata
1805 4069 2162 4146 osculatur,
2212 4069 2569 4133 exclamat:

840 4197 917 4268 ὠς
961 4166 1220 4281 ymas-oo*
1266 4196 1336 4258 τὸ
1382 4193 1636 4273 γλῶσσζ
1684 4199 1875 4280 ὥσπερ
1920 4193 2220 4266 Ἀττικὸς
2265 4197 2461 4274 μέλις.

577 4344 774 4405 quam
820 4324 1022 4386 dulcis
1066 4323 1318 4404 lingua,
1367 4322 1566 4386 veluti
1612 4321 1739 4384 mel
1786 4322 2109 4386 Atticum.
