3317 5134
1744 455 1822 515 16

702 666 802 727 cui
845 665 1366 746 indignabundus
1411 665 1513 728 ille
1557 668 1935 749 respondet:

1409 813 1580 878 ἀλλοὶ
1630 816 1962 902 προβατίου
2008 817 2138 899 βίον
2178 819 2402 896 λέγεις,

1099 940 1154 1000 εἰ
1195 942 1282 1018 μὴ
1332 937 1625 1020 Φανεῖται
1673 941 1953 1027 διατριβή
2000 966 2093 1012 τις
2138 947 2223 1021 τῷ
2269 943 2402 1025 βίῳ.

703 1102 875 1164 Nos:
923 1100 1027 1163 als
1073 1122 1182 1162 een
1228 1101 1507 1165 redeloos
1552 1103 1716 1170 dier.

700 1230 990 1310 Nempe,
1044 1238 1116 1290 ut
1160 1239 1258 1291 est
1304 1231 1480 1310 apud
1527 1231 1896 1294 Cratinum:

700 1397 731 1456 ὁ
771 1391 979 1471 ἠλίθιος
1023 1397 1214 1478 ὥσπερ
1260 1392 1568 1477 πρόβατον
1613 1390 1739 1475 ,βῆ
1784 1394 1910 1476 βῆ”
1959 1395 2161 1471 λέγων
2206 1392 2471 1476 βαδίζει.
2546 1394 2643 1480 (fr.
2709 1395 2848 1477 43.)

788 1556 987 1637 Vesp.
1053 1577 1147 1617 vs,
1205 1569 1350 1635 572.
1400 1553 1616 1618 Senex
1639 1607 1653 1633 ,
1702 1558 1812 1637 qui
1860 1555 2070 1637 legem
2123 1556 2514 1619 iudiciariam
2571 1557 2851 1619 defendit

701 1689 766 1742 et
827 1679 1239 1744 heliastarum
1319 1682 1520 1744 vitam
1593 1681 1855 1744 beatam
1903 1682 2170 1743 summis
2216 1681 2512 1743 laudibus
2559 1682 2847 1763 extollit,

702 1805 942 1868 inducit
995 1827 1176 1868 reum
1213 1806 1491 1888 aliquem
1533 1815 1683 1887 post
1721 1804 1998 1868 flebilem
2037 1807 2510 1888 perorationem
2549 1807 2851 1889 parvulos

702 1952 854 1992 suos
918 1930 1150 1993 liberos
1211 1932 1273 1992 in
1319 1941 1704 2013 suggestum
1751 1932 2097 1994 ascendere
2142 1932 2469 1995 iubentem
2510 1944 2575 1996 et
2615 1935 2851 1996 iudices

701 2056 899 2118 veluti
941 2057 1097 2119 deos
1144 2058 1232 2119 ita
1281 2067 1692 2138 precantem:

1559 2225 1667 2298 τῆς
1715 2218 1950 2297 εὐθύνης
1995 2223 2066 2300 μ’
2117 2219 2446 2295 απολῦσον,

793 2351 848 2411 εἰ
892 2349 1003 2428 μὲν
1048 2353 1282 2434 χαίρεις
1329 2345 1503 2434 ἀρνὸς
1549 2345 1740 2428 Φωνῇ,
1790 2347 2000 2420 παιδὸς
2046 2346 2250 2428 Φωνὴν
2300 2348 2695 2438 ἐλεήσας(1)·

793 2475 847 2536 εἰ
887 2473 1024 2536 δἀὗ
1069 2481 1191 2544 τοῖς
1236 2473 1529 2558 χοιριδίοις
1575 2477 1793 2559 χαίρω,
1863 2470 2178 2557 θυγατρὸς
2224 2472 2394 2555 Φωνῇ
2441 2499 2523 2554 με
2570 2474 2850 2538 πιθέσθαι.

791 2639 934 2700 Pac.
995 2660 1089 2701 vs,
1139 2651 1264 2719 935
1315 2636 1550 2699 chorus
1596 2637 1783 2698 dicit:
1836 2635 1995 2699 Ovis
2048 2637 2233 2698 nobis
2279 2649 2381 2701 est
2428 2640 2802 2716 mactanda,

1014 2801 1157 2863 ὥστ’
1208 2796 1438 2878 ἐσόμεθ’
1489 2795 1836 2874 ἀλλήλοισιν
1883 2796 2067 2878 α’μνοὶ
2110 2800 2247 2870 τούς
2296 2803 2561 2885 τρόπους.

705 2966 797 3030 Cf.
847 2964 1182 3045 Hermippi
1227 2963 1300 3024 fr.
1355 2979 1426 3042 3:

1016 3115 1125 3192 τὴν
1171 3112 1286 3192 μὲν
1333 3112 1648 3174 διοὲλεκτον
1694 3115 1803 3174 καὶ
1844 3112 1914 3174 τὸ
1962 3116 2261 3197 πρόσωπον
2308 3110 2525 3192 ἀμνίον

1017 3243 1184 3319 ἔχειν
1229 3240 1434 3312 δοκεῖς,
1484 3239 1568 3301 τοὶ
1616 3240 1834 3301 δ’ἔνδον
1882 3238 2047 3300 οὐδὲν
2093 3235 2396 3323 διαφέρεις

1016 3366 1360 3452 δράκοντος.

794 3533 949 3613 LyS.
998 3551 1092 3593 VS.
1147 3548 1274 3612 309
1319 3530 1478 3592 alius
1523 3528 1720 3591 alium
1766 3548 1987 3590 senem
2035 3531 2307 3592 excitat:

1197 3707 1255 3774 ὲς
1301 3704 1410 3780 τὴν
1454 3700 1631 3788 θύραν
1678 3702 1902 3786 κριηδὸν
1950 3700 2327 3781 ἐμπέσωμεν.

795 3871 900 3935 Sic
937 3869 1132 3948 aries,
1173 3877 1548 3946 stormram,
1589 3875 1862 3929 vocatur
1885 3866 2180 3929 machina
2206 3866 2429 3928 bellica
2453 3875 2518 3928 et
2542 3863 2851 3946 ramez‘en‚

706 4000 1012 4076 arietare,
1075 3997 1372 4060 dicuntur
1430 3994 1541 4076 qui
1588 4012 1733 4055 eam
1780 4001 2007 4074 portae
2068 3993 2453 4067 admovent,
2500 4010 2855 4071 omnesque

781 4272 817 4323 ¹)
863 4272 945 4320 Sic
993 4286 1084 4335 pro
1135 4273 1338 4326 ἐλεήσαις
1382 4265 1557 4330 scripsi
1602 4272 1651 4312 et
1696 4265 1748 4312 in
1794 4260 2116 4328 praecedenti
2162 4277 2305 4309 versu
2355 4260 2584 4324 supplevi
2636 4258 2705 4324 μ’.
2746 4260 2855 4308 Alii

709 4365 855 4416 aliter
887 4363 1145 4426 vulgatam
1179 4359 1447 4409 manifesto
1493 4363 1782 4421 corruptam
1819 4354 2090 4403 emendare
2124 4353 2440 4400 studuerunt.
