3317 5134
1531 457 1612 522 45

606 654 692 718 Cf
746 654 1082 736 Eupolidis
1127 673 1419 719 versum:

871 781 940 844 τὸ
986 779 1142 860 σῶμ’
1191 784 1423 861 ἔχουσα
1469 786 1657 854 λεῖον,
1707 785 1897 867 ὥσπερ
1946 783 2240 862 ἔγχελυς.

609 933 713 996 Fr.
760 933 893 1010 416
939 934 1225 996 continet
1270 931 1430 995 haec
1474 934 1709 995 verba:

919 1055 1409 1144 Ἀπασκαρίζειν
1453 1060 1703 1143 ὡσπερεὶ
1745 1060 1958 1143 πέρκην
2004 1063 2243 1138 χαμαί.

611 1211 832 1273 Humo
880 1211 1164 1293 prosilire
1207 1221 1544 1293 tamquam
1589 1232 1868 1293 peream.

1081 1568 1548 1631 ANIMALIA
1596 1566 2113 1633 CRUSTATA.

617 1731 765 1792 Non
833 1733 1056 1794 inscite
1123 1732 1383 1795 Thesm.
1456 1753 1550 1794 VS.
1622 1746 1751 1813 530
1818 1730 2051 1795 chorus
2119 1732 2454 1793 mulierum
2522 1742 2672 1814 post

521 1858 846 1940 proverbii
892 1859 1127 1921 verba:

1058 1983 1211 2063 „on-b
1259 1981 1396 2062 λίθῳ
1441 1983 1570 2070 γοὶρ
1617 1989 1807 2047 παντί
1848 2008 1958 2048 που
2003 1984 2125 2070 χρὴ
2166 1984 2257 2065 μὴ
2297 1982 2493 2066 &dms

620 2107 1070 2194 ἀπροσδοκήτως
1116 2113 1366 2193 pergit:
1417 2113 1649 2196 ,ῥήτωρ
1698 2108 1935 2198 ἀθρεΐν”
1984 2133 2101 2194 pro
2148 2116 2411 2198 σκορπίον
2460 2109 2673 2197 ἀθρεῖν.

620 2259 714 2323 Cf.
761 2260 1095 2342 Eupolidis
1140 2260 1208 2324 fr.
1261 2277 1379 2342 231

1922 2386 2113 2464 Τῆνος
2158 2388 2351 2464 αὕτη,

712 2514 963 2584 πολλοὺς
1009 2515 1244 2594 ἔχουσα
1291 2517 1592 2598 σκορπίους
1642 2515 1809 2592 ἔχεις
1847 2536 1925 2576 -τε
1972 2511 2387 2594 συκοφάντας·
2579 2603 2585 2608 .

527 2663 610 2704 ac
674 2639 1058 2723 [Demosth]
1128 2640 1341 2716 XXV,
1411 2653 1526 2720 52,
1593 2639 1703 2701 ubi
1760 2649 1979 2701 orator
2041 2649 2305 2721 poetam
2384 2642 2471 2703 ita
2542 2642 2679 2702 imi-

529 2777 710 2830 tatus
757 2778 885 2830 est:

625 2896 936 2979 πορεύεται
995 2892 1094 2956 διοὶ
1141 2897 1249 2970 τῆς
1296 2892 1533 2977 ἀγορᾶς
1577 2895 1769 2976 ὥσπερ
1816 2893 1950 2972 ἔχις
1996 2889 2029 2967 ἢ
2075 2895 2340 2977 σκορπίος
2386 2891 2567 2978 ἠρκὼς
2612 2894 2682 2957 τὸ

531 3021 794 3105 κέντρον.
841 3044 897 3105 κ.
946 3043 1005 3083 τ.
1054 3022 1103 3083 ἑ.

627 3159 794 3222 Cum
857 3161 1055 3241 Vesp.
1105 3180 1199 3221 VS.
1259 3171 1427 3239 1509
1474 3179 1638 3220 unus
1685 3157 1931 3221 Carcini
1976 3157 2249 3220 filiorum
2298 3178 2553 3221 scenam
2602 3163 2685 3223 ad

534 3286 902 3349 saltandum
944 3287 1158 3362 intrat,
1197 3305 1398 3346 senex
1436 3283 1801 3346 Philocleon
1842 3284 1924 3346 ad
1964 3285 2099 3345 eius
2140 3305 2371 3346 nomen
2397 3286 2684 3348 alludens

532 3413 962 3493 contemptim
1008 3420 1229 3493 rogat:

894 3539 1067 3601 τουτὶ
1112 3540 1179 3599 τί
1218 3531 1286 3612 ἦν
1332 3542 1402 3598 τὸ
1449 3535 1766 3620 προσέρπον
1781 3557 1799 3609 ;
1849 3533 1972 3613 ὀξὶς
2019 3532 2052 3611 ἢ
2090 3531 2408 3614 φάλαγξ;

610 3663 852 3726 Xanth.
903 3665 934 3725 ὁ
979 3663 1318 3746 πιννοτήρης
1362 3658 1530 3730 οὗτός
1579 3658 1706 3722 ε’στι
1754 3656 1860 3722 τοῦ
1905 3659 2149 3737 γένους,

898 3790 929 3850 ὁ
975 3789 1411 3871 σμικρότατος,
1461 3784 1522 3856 ὃς
1568 3784 1679 3862 τὴν
1724 3785 2077 3869 τραγῳδίαν
2124 3790 2287 3847 ποιεῖ.

688 3912 842 3977 Phil.
891 3911 935 3975 ὦ
981 3909 1268 3998 Καρκίν’,
1318 3909 1362 3972 ὦ
1410 3887 1845 3994 μακοέριέτῆς
1878 3908 2206 3980 εὐπαιδίας·

901 4039 1030 4100 ὅσον
1076 4037 1146 4099 τὸ
1192 4033 1406 4113 πλῆθος
1449 4036 1783 4098 κατέπεσεν
1828 4038 1946 4096 τῶν
1991 4033 2266 4118 ὀρχίλων.

1426 4245 1811 4256 ————-
