3317 5134
1545 441 1629 522 63

513 657 728 711 cetera
745 650 964 710 omnia
987 647 1110 712 hac
1133 650 1325 732 plaga
1348 650 1664 713 labefacta
1687 670 1983 714 corruere
2005 650 2349 713 debebant.
2376 649 2667 730 Lepidis-

516 775 677 836 sime
723 785 918 857 poeta
964 774 1091 838 hoc
1127 776 1272 839 loco
1311 798 1512 840 unum
1550 778 1793 840 dolium
1834 779 1922 840 ob
1962 779 2179 856 ictum,
2218 797 2409 860 quem
2436 779 2667 859 accipit

516 901 785 984 iratum,
832 900 1014 964 alteri
1061 902 1342 983 maligne
1387 902 1572 984 fingit
1616 903 2039 966 recalcitranS.

607 1088 774 1152 Cum
858 1099 1193 1154 senectute
1275 1091 1552 1154 arefacta
1641 1091 2010 1153 muliercula
2093 1091 2254 1154 Plut.
2328 1113 2421 1152 vs,
2503 1101 2670 1172 1054

517 1214 876 1276 exclamat:
925 1216 1036 1292 τὴν
1082 1216 1243 1292 δᾷδα
1289 1216 1379 1295 μή
1425 1239 1528 1295 μοι
1575 1214 1882 1302 πρόσφερ’.

517 1338 906 1421 Chremylus
950 1342 1233 1405 iocatur:

1763 1451 1827 1516 εὖ
1874 1455 2080 1534 μέντοι
2126 1455 2317 1532 λέγει.

877 1578 984 1641 εὀὶν
1029 1579 1158 1665 γοὶρ
1208 1579 1398 1658 αὐτὴν
1447 1579 1527 1650 εἷς
1573 1583 1752 1659 μόνος
1795 1577 2029 1664 σπινθὴρ
2074 1577 2278 1660 λάβῃ,

874 1709 1068 1791 ὥσπερ
1115 1704 1391 1768 παλαιὰν
1441 1706 1761 1787 εἰρεσιώνην
1805 1707 2118 1767 καύσεται.

519 1851 743 1892 verum
800 1832 987 1910 dicit,
1050 1833 1102 1893 si
1156 1833 1328 1894 enim
1391 1832 1493 1894 vel
1556 1834 1743 1894 unica
1806 1831 2073 1893 scintilla
2134 1830 2305 1892 illam
2365 1831 2668 1911 attigerit,

518 1976 663 2018 eam
731 1956 1074 2019 comburet
1140 1967 1478 2039 tamquam
1541 1958 1791 2020 aridum
1853 1957 2034 2019 oleae
2093 1977 2365 2019 ramum.
2427 1955 2669 2042 (Quem

520 2081 750 2144 Graeci
809 2083 992 2145 initio
1053 2084 1201 2144 anni
1264 2092 1416 2146 ante
1478 2083 1641 2146 fores
1705 2083 2092 2165 suspendere
2153 2083 2447 2145 solebant
2495 2094 2561 2147 et
2606 2085 2668 2146 in

519 2227 762 2270 annum
813 2216 1197 2289 sequentem
1244 2207 1547 2289 servare.)

608 2407 789 2473 Sicut
849 2410 912 2471 in
973 2428 1272 2471 sermone
1331 2409 1711 2490 quotidiano
1772 2409 1936 2490 ignis
1996 2430 2072 2472 ac
2131 2411 2348 2472 lumen
2372 2412 2559 2474 'inter
2603 2432 2671 2474 se
2730 2491 2744 2494 -

520 2536 821 2619 coniungi
890 2535 1134 2612 solent,
1212 2555 1331 2596 nos
1394 2554 1663 2616 quoque
1723 2554 1891 2597 nunc
1961 2535 2375 2617 metaphoras
2437 2546 2672 2601 tracta-

521 2662 752 2740 bimuS,
790 2682 956 2744 quas
992 2639 1209 2723 lumen
1247 2681 1323 2724 ac
1361 2662 1657 2724 lucernae
1681 2669 1913 2742 poetae
1940 2668 2161 2723 nostro
2186 2673 2667 2742 suggesserunt.

498 2767 696 2848 'Nub.
774 2808 867 2851 vs,
938 2789 1066 2865 584
1122 2787 1253 2864 sol,
1329 2786 1714 2868 spendidum
1792 2786 1944 2849 illud
2022 2786 2230 2865 siduS,
2313 2790 2424 2870 qui
2512 2790 2672 2852 deus

523 2912 886 2997 colebatur,
933 2915 1179 2976 comice
1224 2933 1372 2976 cum
1412 2913 1679 2994 parvula
1722 2913 1980 2976 lucerna
2019 2922 2444 2996 comparatur.
2491 2916 2675 2978 Haec

526 3050 673 3102 sunt
716 3041 914 3102 verba
959 3038 1135 3102 chori
1183 3039 1490 3102 nubium:

1985 3140 2018 3201 ὁ
2062 3136 2115 3201 δ’
2162 3141 2320 3217 ἥλιος

790 3266 900 3343 τὴν
946 3262 1250 3352 θρυαλλίδ’
1308 3265 1388 3335 εἰς
1434 3263 1651 3327 ἑαυτὸν
1700 3261 1905 3334 εὐθέως
1951 3263 2322 3342 ξυνελκύσας

786 3391 851 3454 οὐ
896 3389 1115 3470 φανεῖν
1161 3388 1430 3470 ἔφασκεν
1476 3391 1636 3469 ὑμῖν,
1686 3391 1746 3479 ,εἰ
1789 3393 2204 3475 στρατηγήσει
2250 3388 2496 3454 Κλέων.

608 3545 761 3626 LyS.
809 3566 904 3607 vs.
961 3561 1122 3625 1003
1186 3543 1583 3626 Spartiatae,
1646 3544 1756 3624 qui
1822 3543 2134 3606 uxoribus
2182 3545 2312 3605 suis
2357 3544 2677 3608 abstinere

530 3673 729 3734 coacti
775 3679 959 3748 sunt,
1007 3669 1332 3732 libidinem
1380 3689 1564 3732 suam
1612 3668 1819 3731 celare
1866 3689 1995 3730 non
2042 3680 2348 3751 possunt:

1320 3798 1640 3874 μογίομες·
1690 3791 1767 3855 ὀὲν
1810 3791 1938 3878 γοὶρ
1984 3792 2103 3856 τοὶν
2153 3797 2321 3857 πόλιν

1005 3918 1157 4005 ᾇπερ
1206 3916 1708 4004 λυχνοφορίοντες
1757 3916 2231 3999 ἐπικεκύφαμες.

531 4047 927 4125 laboramuS,
999 4046 1412 4109 ambulamus
1475 4047 1644 4107 enim
1708 4065 1825 4126 per
1888 4045 2113 4106 urbem
2176 4046 2340 4107 sicut
2386 4045 2676 4107 lucernas

532 4182 873 4254 gestantes,
925 4171 1068 4259 (qui
1114 4182 1405 4234 ventrem
1442 4172 1820 4235 reducentes
1860 4171 2077 4233 lumen
2104 4191 2298 4232 manu
2323 4180 2677 4253 protegunt

534 4317 610 4357 ne
652 4308 850 4360 vento
895 4297 1366 4378 extinguatur.)
