3317 5134
1576 481 1649 545 17

519 677 629 758 qui
690 678 933 757 impetu
996 676 1279 739 violento
1326 679 1723 741 incursantes
1770 678 2016 740 aditum
2063 677 2481 740 interclusum
2529 698 2671 759 per-

520 783 806 884 fringere¹
837 813 1168 866 conantur.

609 995 796 1055 Initio
864 993 1117 1055 fabulae
1179 995 1545 1075 Vesparum
1607 994 1804 1057 veluti
1871 994 2026 1055 lanx
2085 994 2406 1075 quaedam
2457 1003 2675 1056 satura

518 1119 1075 1199 comparationum
1114 1139 1197 1180 ex
1237 1120 1606 1180 animalium
1642 1120 1777 1182 vita
1801 1121 2150 1200 petitarum
2186 1119 2370 1181 nobis
2393 1119 2671 1182 offertur.

517 1246 672 1307 Inde
740 1264 779 1305 a
849 1246 1067 1326 primis
1135 1244 1347 1306 verbis
1415 1244 1669 1306 fabulae
1739 1255 1935 1326 poeta
2004 1245 2421 1307 deridendum
2490 1245 2674 1307 nobis

515 1372 842 1452 propinat
897 1369 1257 1446 hominem,
1333 1391 1530 1452 quem
1602 1371 1893 1432 omnium
1966 1369 2333 1432 mortalium
2399 1371 2675 1452 pessime

519 1495 746 1557 oderat
814 1515 931 1557 nec
1002 1515 1312 1576 umquam
1385 1497 1653 1557 missum
1724 1495 1929 1557 facere
1997 1497 2210 1576 potuit
2267 1505 2381 1558 aut
2434 1496 2669 1574 voluit,

520 1621 826 1684 Cleonem
887 1622 1048 1683 dic0.
1114 1621 1411 1683 Iocorum
1474 1620 1913 1683 aculeatorum
1974 1621 2307 1683 materiem
2374 1623 2432 1682 ei
2491 1641 2673 1703 prae-

521 1748 734 1810 buisse
771 1748 1024 1810 videtur
1062 1747 1328 1808 Homeri
1367 1746 1450 1808 de
1486 1746 1696 1808 Protei
1740 1747 2045 1827 gregibus
2076 1747 2373 1810 narratio,
2402 1745 2671 1831 (odyss.

519 1875 634 1937 IV.
684 1895 778 1936 vs,
825 1869 1009 1958 442.)

606 1998 948 2062 Mirificum
998 1999 1386 2060 insomnium
1434 2019 1624 2059 suum
1667 2017 1887 2058 servus
1928 1996 2213 2078 collegae
2250 1996 2424 2059 hisce
2460 1997 2670 2059 verbis

515 2135 768 2188 narrat:

961 2238 1132 2316 ἔδοξέ
1174 2261 1276 2317 μοι
1323 2239 1454 2321 περὶ
1496 2240 1723 2319 πρῶτον
1769 2235 1942 2298 ὕπνον
1990 2234 2049 2297 ἐν
2095 2239 2171 2314 τῇ
2218 2238 2393 2298 πυκνὶ

963 2362 1374 2445 ἐκκλησιάζειν
1420 2362 1710 2448 πρόβατα
1756 2360 2225 2442 συγκαθήμενα,

959 2491 1302 2574 βακτηρίας
1349 2493 1581 2569 ἔχοντα
1627 2491 1736 2550 καὶ
1772 2487 2083 2573 τριβώνια·

954 2619 1220 2680 κᾶπειτα
1268 2620 1496 2687 τούτοις
1543 2623 1666 2687 τοῖς
1716 2616 2067 2702 προβάτοισι
2113 2615 2384 2695 μούδόκει

959 2742 1321 2825 δημηγορεῖν
1367 2738 1653 2820 φάλαινα
1701 2742 2172 2825 πανδοκεύτρια,

955 2869 1189 2946 ἔχουσα
1236 2837 1439 2945 φαεινὴν
1486 2865 1949 2951 ἐμπεπρημέννις
1996 2867 2112 2936 ὑός.

596 3006 1057 3086 Unusquisque
1103 3004 1411 3084 intellegit
1457 3013 1740 3084 poetam,
1789 3005 1953 3066 sicut
1998 3023 2209 3084 saepe,
2259 3002 2360 3065 hic
2401 3025 2661 3085 quoque

432 3127 436 3131 ’
508 3130 786 3192 alludere
848 3130 929 3191 ad
993 3140 1272 3192 taetrum
1334 3131 1483 3192 corii
1545 3129 1845 3205 odorem,
1893 3149 2025 3210 quo
2072 3128 2325 3191 Cleonis
2370 3129 2660 3191 officinae

508 3256 808 3338 oppletae
856 3265 1069 3333 erant,
1119 3276 1314 3336 quem
1361 3256 1558 3336 ipsius
1605 3274 1869 3335 quoque
1913 3255 2314 3316 vestimentis
2339 3274 2658 3316 nonnum-

508 3402 704 3462 quam
792 3381 1137 3443 inhaesisse
1205 3380 1502 3443 credibile
1569 3389 1701 3457 est,
1787 3389 1885 3442 est
1954 3379 2124 3440 enim
2192 3379 2655 3441 tenacissimus·

509 3504 711 3568 Simul
757 3507 997 3568 ridetur
1043 3506 1247 3567 forma
1293 3515 1358 3568 et
1401 3504 1662 3567 habitus
1708 3505 1843 3581 viri,
1888 3505 1998 3584 qui
2037 3525 2263 3565 verum
2303 3513 2369 3566 et
2405 3514 2653 3567 rectum

509 3633 712 3712 magis
776 3652 976 3712 quam
1036 3633 1208 3693 vitae
1268 3630 1548 3693 cultioris
1609 3651 1873 3692 veneres
1918 3639 1983 3692 et
2041 3630 2353 3693 lenocinia
2398 3651 2655 3693 curasse

507 3768 569 3819 et
635 3758 809 3820 urbis
868 3778 1024 3820 suae
1090 3778 1286 3838 quam
1347 3757 1726 3819 urbanitatis
1772 3758 2092 3819 amantior
2134 3756 2325 3819 fuisse
2368 3757 2651 3835 videtur;

467 3919 476 3923 -
507 3884 743 3946 ridetur
789 3904 922 3945 vox
969 3885 1105 3945 eius
1143 3883 1320 3945 fortis
1359 3893 1425 3945 et
1461 3882 1757 3945 facundia
1795 3883 2177 3964 impetuosa,
2216 3904 2387 3965 quae
2422 3884 2651 3964 spretis

504 4009 836 4090 elegantiis
884 4009 1182 4071 torrentis
1228 4009 1427 4070 instar
1473 4008 1693 4089 rapido
1740 4028 1928 4070 cursu
1975 4007 2312 4070 ferebatur.

1543 4148 1698 4207 παῦε
1744 4148 1934 4217 παῦε,
1983 4144 2073 4223 μὴ
2118 4147 2291 4224 λέγε.

859 4269 979 4353 ὄζει
1041 4271 1323 4334 κοέκιστον
1386 4269 1720 4333 τούνύπνιον
1767 4269 1987 4355 βύρσης
2034 4275 2291 4355 σαπροῖς.

504 4409 665 4504 alter
708 4410 1070 4489 respondet.
