<?xml version="1.0" encoding="UTF-8"?>
<!DOCTYPE html PUBLIC "-//W3C//DTD XHTML 1.0 Transitional//EN"
    "http://www.w3.org/TR/xhtml1/DTD/xhtml1-transitional.dtd">
<html xmlns="http://www.w3.org/1999/xhtml" xml:lang="en" lang="en">
 <head>
  <title>
</title>
<meta http-equiv="Content-Type" content="text/html;charset=utf-8" />
  <meta name='ocr-system' content='tesseract 3.04.00' />
  <meta name='ocr-capabilities' content='ocr_page ocr_carea ocr_par ocr_line ocrx_word'/>
</head>
<body>
  <div class='ocr_page' id='page_1' title='image "./metaphoraearist00noorgoog/metaphoraearist00noorgoog_0025.png"; bbox 0 0 3317 5134; ppageno 0'>
   <div class='ocr_carea' id='block_1_1' title="bbox 488 489 2401 958">
    <p class='ocr_par' dir='ltr' id='par_1_1' title="bbox 488 489 2401 958">
     <span class='ocr_line' id='line_1_1' title="bbox 1511 489 1584 551; baseline 0 0"><span class='ocrx_word' id='word_1_1' title='bbox 1511 489 1584 551; x_wconf 87' lang='lat'>13</span> 
     </span>
     <span class='ocr_line' id='line_1_2' title="bbox 488 681 2401 768; baseline -0.004 -20"><span class='ocrx_word' id='word_1_2' title='bbox 488 696 676 768; x_wconf 91' lang='lat' dir='ltr'>rogat</span> <span class='ocrx_word' id='word_1_3' title='bbox 735 706 867 767; x_wconf 91' lang='lat' dir='ltr'>quo</span> <span class='ocrx_word' id='word_1_4' title='bbox 913 684 1206 746; x_wconf 92' lang='lat' dir='ltr'>vehiculo</span> <span class='ocrx_word' id='word_1_5' title='bbox 1253 685 1372 746; x_wconf 86' lang='lat' dir='ltr'>iter</span> <span class='ocrx_word' id='word_1_6' title='bbox 1418 685 1499 745; x_wconf 89' lang='lat' dir='ltr'>sit</span> <span class='ocrx_word' id='word_1_7' title='bbox 1544 682 1970 764; x_wconf 83' lang='lat' dir='ltr'>perfecturuS,</span> <span class='ocrx_word' id='word_1_8' title='bbox 2022 681 2401 762; x_wconf 86' lang='lat' dir='ltr'>respondet:</span> 
     </span>
     <span class='ocr_line' id='line_1_3' title="bbox 852 868 2272 958; baseline -0.004 -22"><span class='ocrx_word' id='word_1_9' title='bbox 852 873 1067 949; x_wconf 72' lang='grc' dir='ltr'><em>πτηνὸς</em></span> <span class='ocrx_word' id='word_1_10' title='bbox 1113 875 1374 958; x_wconf 79' lang='grc' dir='ltr'><em>πορεύσει</em></span> <span class='ocrx_word' id='word_1_11' title='bbox 1420 878 1630 942; x_wconf 80' lang='grc' dir='ltr'><em>πῶλος·</em></span> <span class='ocrx_word' id='word_1_12' title='bbox 1681 871 1745 934; x_wconf 74' lang='grc' dir='ltr'>οὐ</span> <span class='ocrx_word' id='word_1_13' title='bbox 1792 868 2272 950; x_wconf 78' lang='grc' dir='ltr'><em>ναυσθλώσομαι.</em></span> 
     </span>
    </p>
   </div>
   <div class='ocr_carea' id='block_1_2' title="bbox 662 1057 1646 1140">
    <p class='ocr_par' dir='ltr' id='par_1_2' title="bbox 662 1057 1646 1140">
     <span class='ocr_line' id='line_1_4' title="bbox 662 1057 1646 1140; baseline -0.003 -18"><span class='ocrx_word' id='word_1_14' title='bbox 662 1060 777 1124; x_wconf 89' lang='lat' dir='ltr'>Fil.</span> <span class='ocrx_word' id='word_1_15' title='bbox 828 1060 1120 1140; x_wconf 81' lang='lat' dir='ltr'>„Pegaso</span> <span class='ocrx_word' id='word_1_16' title='bbox 1167 1059 1359 1140; x_wconf 90' lang='lat' dir='ltr'>igitur</span> <span class='ocrx_word' id='word_1_17' title='bbox 1405 1057 1646 1121; x_wconf 91' lang='lat' dir='ltr'>utere’&#39;.</span> 
     </span>
    </p>
   </div>
   <div class='ocr_carea' id='block_1_3' title="bbox 661 1258 2354 1464">
    <p class='ocr_par' dir='ltr' id='par_1_3' title="bbox 661 1258 2354 1464">
     <span class='ocr_line' id='line_1_5' title="bbox 661 1258 2237 1340; baseline 0.001 -18"><span class='ocrx_word' id='word_1_18' title='bbox 661 1261 769 1325; x_wconf 92' lang='lat' dir='ltr'>Tr.</span> <span class='ocrx_word' id='word_1_19' title='bbox 843 1258 989 1322; x_wconf 82' lang='grc' dir='ltr'><em>ἀλλ’</em></span> <span class='ocrx_word' id='word_1_20' title='bbox 1039 1259 1083 1322; x_wconf 82' lang='grc' dir='ltr'><em>ὦ</em></span> <span class='ocrx_word' id='word_1_21' title='bbox 1131 1261 1273 1340; x_wconf 85' lang='grc' dir='ltr'><em>μέλ’</em></span> <span class='ocrx_word' id='word_1_22' title='bbox 1323 1262 1400 1322; x_wconf 75' lang='grc' dir='ltr'>ἄν</span> <span class='ocrx_word' id='word_1_23' title='bbox 1445 1282 1550 1339; x_wconf 90' lang='grc' dir='ltr'>μοι</span> <span class='ocrx_word' id='word_1_24' title='bbox 1594 1263 1794 1322; x_wconf 77' lang='grc' dir='ltr'><em>σιτίων</em></span> <span class='ocrx_word' id='word_1_25' title='bbox 1840 1260 2058 1322; x_wconf 80' lang='grc' dir='ltr'><em>διπλῶν</em></span> <span class='ocrx_word' id='word_1_26' title='bbox 2105 1260 2237 1324; x_wconf 73' lang='grc' dir='ltr'><em>ἔδει.</em></span> 
     </span>
     <span class='ocr_line' id='line_1_6' title="bbox 857 1381 2354 1464; baseline -0.001 -17"><span class='ocrx_word' id='word_1_27' title='bbox 857 1389 956 1448; x_wconf 83' lang='grc' dir='ltr'>νῦν</span> <span class='ocrx_word' id='word_1_28' title='bbox 1005 1385 1210 1448; x_wconf 77' lang='grc' dir='ltr'><em>δ’άττ’</em></span> <span class='ocrx_word' id='word_1_29' title='bbox 1251 1385 1329 1447; x_wconf 71' lang='grc' dir='ltr'>οἳν</span> <span class='ocrx_word' id='word_1_30' title='bbox 1377 1384 1559 1455; x_wconf 78' lang='grc' dir='ltr'><em>αὐτὸς</em></span> <span class='ocrx_word' id='word_1_31' title='bbox 1605 1381 1979 1464; x_wconf 73' lang='grc' dir='ltr'><em>καταφάγω</em></span> <span class='ocrx_word' id='word_1_32' title='bbox 2025 1384 2111 1447; x_wconf 76' lang='grc' dir='ltr'>τοὶ</span> <span class='ocrx_word' id='word_1_33' title='bbox 2157 1390 2354 1457; x_wconf 79' lang='grc' dir='ltr'><em>σιτία,</em></span> 
     </span>
    </p>
   </div>
   <div class='ocr_carea' id='block_1_4' title="bbox 844 1511 2160 1598">
    <p class='ocr_par' dir='ltr' id='par_1_4' title="bbox 844 1511 2160 1598">
     <span class='ocr_line' id='line_1_7' title="bbox 844 1511 2160 1598; baseline -0.002 -22"><span class='ocrx_word' id='word_1_34' title='bbox 844 1517 1100 1576; x_wconf 77' lang='grc' dir='ltr'><em>τούτοισι</em></span> <span class='ocrx_word' id='word_1_35' title='bbox 1148 1519 1267 1583; x_wconf 75' lang='grc' dir='ltr'><em>τοῖς</em></span> <span class='ocrx_word' id='word_1_36' title='bbox 1315 1512 1546 1575; x_wconf 75' lang='grc' dir='ltr'><em>αὐτοῖσι</em></span> <span class='ocrx_word' id='word_1_37' title='bbox 1591 1515 1805 1574; x_wconf 81' lang='grc' dir='ltr'><em>τοῦτον</em></span> <span class='ocrx_word' id='word_1_38' title='bbox 1850 1511 2160 1598; x_wconf 78' lang='grc' dir='ltr'><em>χορτάσω.</em></span> 
     </span>
    </p>
   </div>
   <div class='ocr_carea' id='block_1_5' title="bbox 579 1697 2634 1813">
    <p class='ocr_par' dir='ltr' id='par_1_5' title="bbox 579 1697 2634 1813">
     <span class='ocr_line' id='line_1_8' title="bbox 579 1697 2634 1813; baseline -0.002 -18"><span class='ocrx_word' id='word_1_39' title='bbox 579 1734 734 1796; x_wconf 90' lang='lat' dir='ltr'>Filia</span> <span class='ocrx_word' id='word_1_40' title='bbox 800 1743 978 1796; x_wconf 90' lang='lat' dir='ltr'>metu</span> <span class='ocrx_word' id='word_1_41' title='bbox 1040 1733 1325 1796; x_wconf 89' lang='lat' dir='ltr'>liberata.</span> <span class='ocrx_word' id='word_1_42' title='bbox 1389 1697 1732 1813; x_wconf 85' lang='lat' dir='ltr'>Trygaeus</span> <span class='ocrx_word' id='word_1_43' title='bbox 1788 1733 1907 1794; x_wconf 91' lang='lat' dir='ltr'>iter</span> <span class='ocrx_word' id='word_1_44' title='bbox 1954 1730 2200 1812; x_wconf 91' lang='lat' dir='ltr'>pergit,</span> <span class='ocrx_word' id='word_1_45' title='bbox 2255 1728 2634 1792; x_wconf 89' lang='lat' dir='ltr'>cantharum</span> 
     </span>
    </p>
   </div>
   <div class='ocr_carea' id='block_1_6' title="bbox 491 1856 1791 1940">
    <p class='ocr_par' dir='ltr' id='par_1_6' title="bbox 491 1856 1791 1940">
     <span class='ocr_line' id='line_1_9' title="bbox 491 1856 1791 1940; baseline -0.002 -19"><span class='ocrx_word' id='word_1_46' title='bbox 491 1860 703 1922; x_wconf 91' lang='lat' dir='ltr'>denuo</span> <span class='ocrx_word' id='word_1_47' title='bbox 750 1859 1075 1922; x_wconf 90' lang='lat' dir='ltr'>versiculis</span> <span class='ocrx_word' id='word_1_48' title='bbox 1119 1859 1376 1940; x_wconf 85' lang='lat' dir='ltr'>tragicis</span> <span class='ocrx_word' id='word_1_49' title='bbox 1423 1856 1791 1921; x_wconf 90' lang='lat' dir='ltr'>stimulans:</span> 
     </span>
    </p>
   </div>
   <div class='ocr_carea' id='block_1_7' title="bbox 649 2046 2236 2260">
    <p class='ocr_par' dir='ltr' id='par_1_7' title="bbox 649 2046 2236 2260">
     <span class='ocr_line' id='line_1_10' title="bbox 649 2046 2236 2133; baseline -0.002 -22"><span class='ocrx_word' id='word_1_50' title='bbox 649 2049 760 2112; x_wconf 79' lang='lat' dir='ltr'>Vs·</span> <span class='ocrx_word' id='word_1_51' title='bbox 821 2063 975 2128; x_wconf 84' lang='lat'>154:</span> <span class='ocrx_word' id='word_1_52' title='bbox 1025 2047 1168 2110; x_wconf 80' lang='grc' dir='ltr'><em>αλλ’</em></span> <span class='ocrx_word' id='word_1_53' title='bbox 1219 2051 1366 2127; x_wconf 76' lang='grc' dir='ltr'><em>ἄγε,</em></span> <span class='ocrx_word' id='word_1_54' title='bbox 1413 2046 1709 2126; x_wconf 76' lang='grc' dir='ltr'><em>Πήγασε,</em></span> <span class='ocrx_word' id='word_1_55' title='bbox 1758 2049 1941 2133; x_wconf 84' lang='grc' dir='ltr'><em>χώρει</em></span> <span class='ocrx_word' id='word_1_56' title='bbox 1986 2051 2236 2132; x_wconf 86' lang='grc' dir='ltr'><em>χαίρων,</em></span> 
     </span>
     <span class='ocr_line' id='line_1_11' title="bbox 1025 2174 2111 2260; baseline -0.002 -24"><span class='ocrx_word' id='word_1_57' title='bbox 1025 2179 1490 2260; x_wconf 74' lang='grc' dir='ltr'>χρυσοχαλίνων</span> <span class='ocrx_word' id='word_1_58' title='bbox 1537 2174 1830 2252; x_wconf 78' lang='grc' dir='ltr'><em>πάταγον</em></span> <span class='ocrx_word' id='word_1_59' title='bbox 1876 2174 2111 2252; x_wconf 77' lang='grc' dir='ltr'><em>ψαλίων</em></span> 
     </span>
    </p>
   </div>
   <div class='ocr_carea' id='block_1_8' title="bbox 1026 2296 2078 2384">
    <p class='ocr_par' dir='ltr' id='par_1_8' title="bbox 1026 2296 2078 2384">
     <span class='ocr_line' id='line_1_12' title="bbox 1026 2296 2078 2384; baseline 0 -22"><span class='ocrx_word' id='word_1_60' title='bbox 1026 2301 1370 2372; x_wconf 69' lang='grc' dir='ltr'><em>διακινήσας</em></span> <span class='ocrx_word' id='word_1_61' title='bbox 1416 2296 1689 2384; x_wconf 73' lang='grc' dir='ltr'><em>φαιδροῖς</em></span> <span class='ocrx_word' id='word_1_62' title='bbox 1734 2299 1889 2361; x_wconf 84' lang='grc' dir='ltr'><em>ὠσίν.</em></span> <span class='ocrx_word' id='word_1_63' title='bbox 1958 2308 2078 2362; x_wconf 88' lang='lat' dir='ltr'>cet.</span> 
     </span>
    </p>
   </div>
   <div class='ocr_carea' id='block_1_9' title="bbox 493 2476 2640 3442">
    <p class='ocr_par' dir='ltr' id='par_1_9' title="bbox 493 2476 2639 3062">
     <span class='ocr_line' id='line_1_13' title="bbox 582 2476 2637 2560; baseline -0.002 -20"><span class='ocrx_word' id='word_1_64' title='bbox 582 2477 747 2541; x_wconf 91' lang='lat' dir='ltr'>Cum</span> <span class='ocrx_word' id='word_1_65' title='bbox 788 2479 851 2540; x_wconf 92' lang='lat' dir='ltr'>in</span> <span class='ocrx_word' id='word_1_66' title='bbox 892 2478 1144 2540; x_wconf 91' lang='lat' dir='ltr'>coelum</span> <span class='ocrx_word' id='word_1_67' title='bbox 1188 2487 1570 2560; x_wconf 91' lang='lat' dir='ltr'>perventum</span> <span class='ocrx_word' id='word_1_68' title='bbox 1619 2487 1749 2554; x_wconf 90' lang='lat' dir='ltr'>est,</span> <span class='ocrx_word' id='word_1_69' title='bbox 1800 2497 1838 2537; x_wconf 91' lang='lat' dir='ltr'>a</span> <span class='ocrx_word' id='word_1_70' title='bbox 1885 2476 2201 2537; x_wconf 90' lang='lat' dir='ltr'>Mercurio</span> <span class='ocrx_word' id='word_1_71' title='bbox 2246 2476 2355 2557; x_wconf 91' lang='lat' dir='ltr'>qui</span> <span class='ocrx_word' id='word_1_72' title='bbox 2402 2476 2637 2538; x_wconf 90' lang='lat' dir='ltr'>ostiarii</span> 
     </span>
     <span class='ocr_line' id='line_1_14' title="bbox 493 2575 2639 2684; baseline -0.002 -19"><span class='ocrx_word' id='word_1_73' title='bbox 493 2605 629 2666; x_wconf 90' lang='lat' dir='ltr'>vice</span> <span class='ocrx_word' id='word_1_74' title='bbox 690 2575 976 2684; x_wconf 84' lang='lat' dir='ltr'>fungitur</span> <span class='ocrx_word' id='word_1_75' title='bbox 1043 2604 1505 2684; x_wconf 78' lang='lat' dir='ltr'>interrogatur:</span> <span class='ocrx_word' id='word_1_76' title='bbox 1593 2603 1767 2664; x_wconf 68' lang='grc' dir='ltr'><em>τουπ-ἰ</em></span> <span class='ocrx_word' id='word_1_77' title='bbox 1824 2606 1889 2662; x_wconf 77' lang='grc' dir='ltr'>τί</span> <span class='ocrx_word' id='word_1_78' title='bbox 1946 2599 2072 2663; x_wconf 78' lang='grc' dir='ltr'><em>ἐστι</em></span> <span class='ocrx_word' id='word_1_79' title='bbox 2131 2599 2201 2660; x_wconf 77' lang='grc' dir='ltr'>τὸ</span> <span class='ocrx_word' id='word_1_80' title='bbox 2258 2603 2474 2676; x_wconf 78' lang='grc' dir='ltr'><em>κακόν;</em></span> <span class='ocrx_word' id='word_1_81' title='bbox 2538 2601 2639 2662; x_wconf 92' lang='lat' dir='ltr'>cui</span> 
     </span>
     <span class='ocr_line' id='line_1_15' title="bbox 494 2723 2639 2810; baseline -0.001 -21"><span class='ocrx_word' id='word_1_82' title='bbox 494 2729 771 2810; x_wconf 88' lang='lat' dir='ltr'>graviter</span> <span class='ocrx_word' id='word_1_83' title='bbox 833 2729 1178 2809; x_wconf 87' lang='lat' dir='ltr'>respondet</span> <span class='ocrx_word' id='word_1_84' title='bbox 1235 2728 1611 2809; x_wconf 90' lang='lat' dir='ltr'>Trygaeus:</span> <span class='ocrx_word' id='word_1_85' title='bbox 1681 2723 2124 2810; x_wconf 68' lang='grc' dir='ltr'><em>ἱπποκάνθαρος.</em></span> <span class='ocrx_word' id='word_1_86' title='bbox 2233 2724 2379 2787; x_wconf 94' lang='lat' dir='ltr'>Hoc</span> <span class='ocrx_word' id='word_1_87' title='bbox 2439 2724 2639 2786; x_wconf 94' lang='lat' dir='ltr'>verbo</span> 
     </span>
     <span class='ocr_line' id='line_1_16' title="bbox 497 2851 2634 2935; baseline -0 -20"><span class='ocrx_word' id='word_1_88' title='bbox 497 2875 701 2915; x_wconf 89' lang='lat' dir='ltr'>novus</span> <span class='ocrx_word' id='word_1_89' title='bbox 785 2854 1069 2935; x_wconf 85' lang='lat' dir='ltr'>Pegasus</span> <span class='ocrx_word' id='word_1_90' title='bbox 1146 2863 1637 2930; x_wconf 85' lang='lat' dir='ltr'>exauctoratur,</span> <span class='ocrx_word' id='word_1_91' title='bbox 1704 2853 1826 2915; x_wconf 89' lang='lat' dir='ltr'>sub</span> <span class='ocrx_word' id='word_1_92' title='bbox 1888 2853 2058 2913; x_wconf 89' lang='lat' dir='ltr'>Iovis</span> <span class='ocrx_word' id='word_1_93' title='bbox 2111 2851 2269 2913; x_wconf 92' lang='lat' dir='ltr'>solio</span> <span class='ocrx_word' id='word_1_94' title='bbox 2330 2851 2634 2932; x_wconf 88' lang='lat' dir='ltr'>posthac,</span> 
     </span>
     <span class='ocr_line' id='line_1_17' title="bbox 495 2974 2414 3062; baseline 0 -21"><span class='ocrx_word' id='word_1_95' title='bbox 495 2981 546 3042; x_wconf 91' lang='lat' dir='ltr'>si</span> <span class='ocrx_word' id='word_1_96' title='bbox 597 2980 853 3041; x_wconf 86' lang='lat' dir='ltr'>credere</span> <span class='ocrx_word' id='word_1_97' title='bbox 904 2979 998 3041; x_wconf 89' lang='lat' dir='ltr'>fas</span> <span class='ocrx_word' id='word_1_98' title='bbox 1051 2988 1182 3057; x_wconf 92' lang='lat' dir='ltr'>est,</span> <span class='ocrx_word' id='word_1_99' title='bbox 1238 2978 1500 3041; x_wconf 88' lang='lat' dir='ltr'>fulmina</span> <span class='ocrx_word' id='word_1_100' title='bbox 1548 2979 2019 3040; x_wconf 88' lang='lat' dir='ltr'>ministraturus</span> <span class='ocrx_word' id='word_1_101' title='bbox 2067 2975 2186 3062; x_wconf 88' lang='lat' dir='ltr'>(vs.</span> <span class='ocrx_word' id='word_1_102' title='bbox 2239 2974 2414 3061; x_wconf 85' lang='lat'>723).</span> 
     </span>
    </p>

    <p class='ocr_par' dir='ltr' id='par_1_10' title="bbox 496 3103 2640 3312">
     <span class='ocr_line' id='line_1_18' title="bbox 583 3103 2640 3184; baseline 0 -18"><span class='ocrx_word' id='word_1_103' title='bbox 583 3104 789 3167; x_wconf 94' lang='lat' dir='ltr'>Nobis</span> <span class='ocrx_word' id='word_1_104' title='bbox 834 3113 1052 3167; x_wconf 94' lang='lat' dir='ltr'>autem</span> <span class='ocrx_word' id='word_1_105' title='bbox 1100 3105 1162 3166; x_wconf 92' lang='lat' dir='ltr'>in</span> <span class='ocrx_word' id='word_1_106' title='bbox 1207 3103 1329 3167; x_wconf 91' lang='lat' dir='ltr'>hac</span> <span class='ocrx_word' id='word_1_107' title='bbox 1374 3105 1922 3167; x_wconf 88' lang='lat' dir='ltr'>commentatione</span> <span class='ocrx_word' id='word_1_108' title='bbox 1965 3103 2048 3165; x_wconf 94' lang='lat' dir='ltr'>de</span> <span class='ocrx_word' id='word_1_109' title='bbox 2088 3123 2258 3184; x_wconf 91' lang='lat' dir='ltr'>equo</span> <span class='ocrx_word' id='word_1_110' title='bbox 2284 3124 2411 3165; x_wconf 93' lang='lat' dir='ltr'>non</span> <span class='ocrx_word' id='word_1_111' title='bbox 2439 3104 2640 3167; x_wconf 90' lang='lat' dir='ltr'>multa</span> 
     </span>
     <span class='ocr_line' id='line_1_19' title="bbox 496 3230 2457 3312; baseline 0.001 -20"><span class='ocrx_word' id='word_1_112' title='bbox 496 3231 790 3293; x_wconf 88' lang='lat' dir='ltr'>addenda</span> <span class='ocrx_word' id='word_1_113' title='bbox 836 3240 1213 3312; x_wconf 91' lang='lat' dir='ltr'>supersunt;</span> <span class='ocrx_word' id='word_1_114' title='bbox 1268 3231 1434 3293; x_wconf 90' lang='lat' dir='ltr'>duae</span> <span class='ocrx_word' id='word_1_115' title='bbox 1479 3230 1802 3293; x_wconf 87' lang='lat' dir='ltr'>sufficiunt</span> <span class='ocrx_word' id='word_1_116' title='bbox 1846 3231 2457 3295; x_wconf 88' lang='lat' dir='ltr'>observatiunculae.</span> 
     </span>
    </p>

    <p class='ocr_par' dir='ltr' id='par_1_11' title="bbox 563 3355 2636 3442">
     <span class='ocr_line' id='line_1_20' title="bbox 563 3355 2636 3442; baseline 0.001 -26"><span class='ocrx_word' id='word_1_117' title='bbox 563 3355 727 3418; x_wconf 90' lang='lat' dir='ltr'>Ran.</span> <span class='ocrx_word' id='word_1_118' title='bbox 756 3377 848 3417; x_wconf 81' lang='lat' dir='ltr'>vs,</span> <span class='ocrx_word' id='word_1_119' title='bbox 878 3373 1027 3437; x_wconf 89' lang='lat'><strong>929.</strong></span> <span class='ocrx_word' id='word_1_120' title='bbox 1054 3355 1392 3437; x_wconf 89' lang='lat' dir='ltr'>Euripides</span> <span class='ocrx_word' id='word_1_121' title='bbox 1416 3357 1614 3418; x_wconf 87' lang='lat' dir='ltr'>verba</span> <span class='ocrx_word' id='word_1_122' title='bbox 1641 3356 1955 3438; x_wconf 91' lang='lat' dir='ltr'>Aeschyli</span> <span class='ocrx_word' id='word_1_123' title='bbox 1979 3367 2206 3420; x_wconf 91' lang='lat' dir='ltr'>vocat:</span> <span class='ocrx_word' id='word_1_124' title='bbox 2242 3359 2636 3442; x_wconf 74' lang='grc' dir='ltr'><em>ἱππόκρημνα,</em></span> 
     </span>
    </p>
   </div>
   <div class='ocr_carea' id='block_1_10' title="bbox 496 3480 2639 3563">
    <p class='ocr_par' dir='ltr' id='par_1_12' title="bbox 496 3480 2639 3563">
     <span class='ocr_line' id='line_1_21' title="bbox 496 3480 2639 3563; baseline 0.001 -21"><span class='ocrx_word' id='word_1_125' title='bbox 496 3482 671 3562; x_wconf 94' lang='lat' dir='ltr'>quod</span> <span class='ocrx_word' id='word_1_126' title='bbox 734 3480 1069 3543; x_wconf 90' lang='lat' dir='ltr'>mirificum</span> <span class='ocrx_word' id='word_1_127' title='bbox 1130 3481 1515 3544; x_wconf 89' lang='lat' dir='ltr'>adiectivum</span> <span class='ocrx_word' id='word_1_128' title='bbox 1576 3483 1822 3563; x_wconf 88' lang='lat' dir='ltr'>optime</span> <span class='ocrx_word' id='word_1_129' title='bbox 1867 3483 2040 3546; x_wconf 86' lang='lat' dir='ltr'>reddi</span> <span class='ocrx_word' id='word_1_130' title='bbox 2087 3484 2339 3545; x_wconf 89' lang='lat' dir='ltr'>videtur</span> <span class='ocrx_word' id='word_1_131' title='bbox 2384 3494 2639 3547; x_wconf 87' lang='lat' dir='ltr'>nostro:</span> 
     </span>
    </p>
   </div>
   <div class='ocr_carea' id='block_1_11' title="bbox 500 3606 1066 3689">
    <p class='ocr_par' dir='ltr' id='par_1_13' title="bbox 500 3606 1066 3689">
     <span class='ocr_line' id='line_1_22' title="bbox 500 3606 1066 3689; baseline 0.004 -20"><span class='ocrx_word' id='word_1_132' title='bbox 500 3606 1066 3689; x_wconf 81' lang='lat' dir='ltr'>„hoogdravend&#39;&#39;.</span> 
     </span>
    </p>
   </div>
   <div class='ocr_carea' id='block_1_12' title="bbox 501 3858 2642 4443">
    <p class='ocr_par' dir='ltr' id='par_1_14' title="bbox 589 3858 1978 3942">
     <span class='ocr_line' id='line_1_23' title="bbox 589 3858 1978 3942; baseline 0.004 -23"><span class='ocrx_word' id='word_1_133' title='bbox 589 3858 720 3920; x_wconf 86' lang='lat' dir='ltr'>Av.</span> <span class='ocrx_word' id='word_1_134' title='bbox 769 3878 862 3920; x_wconf 81' lang='lat' dir='ltr'>vs,</span> <span class='ocrx_word' id='word_1_135' title='bbox 912 3872 1062 3939; x_wconf 84' lang='lat'><strong>925.</strong></span> <span class='ocrx_word' id='word_1_136' title='bbox 1112 3860 1440 3922; x_wconf 90' lang='lat' dir='ltr'>mendicus</span> <span class='ocrx_word' id='word_1_137' title='bbox 1487 3871 1683 3942; x_wconf 89' lang='lat' dir='ltr'>poeta</span> <span class='ocrx_word' id='word_1_138' title='bbox 1727 3871 1978 3924; x_wconf 89' lang='lat' dir='ltr'>cantat:</span> 
     </span>
    </p>

    <p class='ocr_par' dir='ltr' id='par_1_15' title="bbox 592 3979 2531 4076">
     <span class='ocr_line' id='line_1_24' title="bbox 592 3979 2531 4076; baseline 0.005 -33"><span class='ocrx_word' id='word_1_139' title='bbox 592 3979 764 4044; x_wconf 79' lang='grc' dir='ltr'><em>ἀλλά</em></span> <span class='ocrx_word' id='word_1_140' title='bbox 810 4006 902 4054; x_wconf 83' lang='grc' dir='ltr'>τις</span> <span class='ocrx_word' id='word_1_141' title='bbox 948 3983 1128 4046; x_wconf 77' lang='grc' dir='ltr'><em>ὠκεῖα</em></span> <span class='ocrx_word' id='word_1_142' title='bbox 1178 3983 1499 4048; x_wconf 90' lang='grc' dir='ltr'><em>Μουσάων</em></span> <span class='ocrx_word' id='word_1_143' title='bbox 1542 3984 1739 4066; x_wconf 80' lang='grc' dir='ltr'><em>φάτις</em></span> <span class='ocrx_word' id='word_1_144' title='bbox 1784 3987 2106 4069; x_wconf 88' lang='lat' dir='ltr'>(conditae</span> <span class='ocrx_word' id='word_1_145' title='bbox 2151 3989 2324 4050; x_wconf 92' lang='lat' dir='ltr'>urbis</span> <span class='ocrx_word' id='word_1_146' title='bbox 2369 3985 2531 4076; x_wconf 90' lang='lat' dir='ltr'>scil.)</span> 
     </span>
    </p>

    <p class='ocr_par' dir='ltr' id='par_1_16' title="bbox 590 4106 2356 4195">
     <span class='ocr_line' id='line_1_25' title="bbox 590 4106 2356 4195; baseline 0.004 -26"><span class='ocrx_word' id='word_1_147' title='bbox 590 4106 792 4194; x_wconf 78' lang='grc' dir='ltr'><em>οἷάπερ</em></span> <span class='ocrx_word' id='word_1_148' title='bbox 839 4111 1024 4171; x_wconf 77' lang='grc' dir='ltr'><em>ἵππων</em></span> <span class='ocrx_word' id='word_1_149' title='bbox 1068 4107 1380 4195; x_wconf 77' lang='grc' dir='ltr'><em>ἀμαρυγαὶ</em></span> <span class='ocrx_word' id='word_1_150' title='bbox 1425 4121 1634 4175; x_wconf 90' lang='lat' dir='ltr'>totam</span> <span class='ocrx_word' id='word_1_151' title='bbox 1682 4123 1916 4175; x_wconf 91' lang='lat' dir='ltr'>terram</span> <span class='ocrx_word' id='word_1_152' title='bbox 1953 4124 2356 4195; x_wconf 87' lang='lat' dir='ltr'>pervagatur.</span> 
     </span>
    </p>

    <p class='ocr_par' dir='ltr' id='par_1_17' title="bbox 501 4234 2642 4443">
     <span class='ocr_line' id='line_1_26' title="bbox 597 4234 2642 4324; baseline 0.005 -29"><span class='ocrx_word' id='word_1_153' title='bbox 597 4234 780 4316; x_wconf 88' lang='lat' dir='ltr'>Apte</span> <span class='ocrx_word' id='word_1_154' title='bbox 842 4254 990 4296; x_wconf 93' lang='lat' dir='ltr'>cum</span> <span class='ocrx_word' id='word_1_155' title='bbox 1051 4234 1149 4296; x_wconf 87' lang='lat' dir='ltr'>his</span> <span class='ocrx_word' id='word_1_156' title='bbox 1209 4236 1419 4298; x_wconf 91' lang='lat' dir='ltr'>verbis</span> <span class='ocrx_word' id='word_1_157' title='bbox 1480 4238 1837 4318; x_wconf 92' lang='lat' dir='ltr'>comparari</span> <span class='ocrx_word' id='word_1_158' title='bbox 1898 4255 2171 4319; x_wconf 91' lang='lat' dir='ltr'>possunt</span> <span class='ocrx_word' id='word_1_159' title='bbox 2213 4261 2434 4303; x_wconf 88' lang='lat' dir='ltr'>versus</span> <span class='ocrx_word' id='word_1_160' title='bbox 2477 4263 2642 4324; x_wconf 91' lang='lat' dir='ltr'>quos</span> 
     </span>
     <span class='ocr_line' id='line_1_27' title="bbox 501 4362 1691 4443; baseline 0.002 -21"><span class='ocrx_word' id='word_1_161' title='bbox 501 4362 792 4423; x_wconf 88' lang='lat' dir='ltr'>Lacones</span> <span class='ocrx_word' id='word_1_162' title='bbox 830 4371 1093 4425; x_wconf 88' lang='lat' dir='ltr'>cantant</span> <span class='ocrx_word' id='word_1_163' title='bbox 1138 4363 1296 4443; x_wconf 85' lang='lat' dir='ltr'><strong>LyS.</strong></span> <span class='ocrx_word' id='word_1_164' title='bbox 1344 4384 1437 4426; x_wconf 85' lang='lat' dir='ltr'>VS.</span> <span class='ocrx_word' id='word_1_165' title='bbox 1496 4377 1691 4443; x_wconf 86' lang='lat'>1307:</span> 
     </span>
    </p>
   </div>
   <div class='ocr_carea' id='block_1_13' title="bbox 3274 382 3282 908">
    <p class='ocr_par' dir='ltr' id='par_1_18' title="bbox 3274 382 3282 908">
     <span class='ocr_line' id='line_1_28' title="bbox 3274 382 3282 908; baseline 0 0"><span class='ocrx_word' id='word_1_166' title='bbox 3274 382 3282 908; x_wconf 95' lang='lat' dir='ltr'> </span> 
     </span>
    </p>
   </div>
  </div>
 </body>
</html>
