3317 5134
1684 468 1766 545 78

923 679 1076 754 οἴμοι
1117 676 1536 755 κακοδαίμων,
1586 673 1701 740 οἶος
1746 677 1778 736 ὁ
1822 680 2102 757 σπασμός
2148 675 2219 756 μ’
2271 680 2407 758 ἔχει

927 791 1026 868 χὼ
1071 789 1323 857 τέτανος
1369 792 1558 872 ὥσπερ
1608 787 1705 850 ἐπὶ
1746 792 1971 872 τροχοῦ
2017 789 2515 874 στρεβλούμενον.

681 993 692 1000 ,
745 941 855 1003 Ex
916 960 983 1001 re
1044 941 1400 1001 nummaria
1445 939 1789 1021 desumpta
1834 940 2229 1021 comparatio
2274 940 2463 1002 valde
2508 951 2664 1004 nota
2711 943 2806 1003 in-

656 1066 908 1127 venitur
961 1065 1125 1125 Ran.
1176 1085 1267 1126 vs,
1317 1066 1479 1142 718,
1523 1065 1630 1125 ubi
1670 1064 1901 1127 chorus
1948 1066 2009 1126 in
2043 1066 2340 1146 parabasi
2381 1067 2551 1128 cives
2596 1087 2807 1149 repre-

657 1190 879 1252 hendit
928 1190 1134 1271 quod,
1183 1190 1732 1270 quemadmodum
1780 1211 1896 1272 pro
1943 1191 2128 1252 bonis
2167 1191 2492 1254 veteribus
2529 1195 2809 1254 nummis

657 1337 786 1377 non
847 1316 1220 1377 adulteratis
1277 1317 1458 1376 novis
1509 1324 1776 1377 utuntur
1820 1317 2032 1377 aeneis
2073 1319 2389 1398 pessimae
2436 1328 2661 1393 notae,
2719 1319 2811 1379 ita

657 1441 900 1502 nobiles
940 1442 1110 1503 cives
1151 1441 1549 1503 contumeliis
1587 1439 1891 1520 afficiunt,
1935 1445 2281 1524 peregrinis
2306 1453 2523 1505 autem
2550 1463 2811 1524 rempu-

654 1566 886 1629 blicam
933 1569 1349 1631 committunt
1396 1567 1616 1628 infimo
1664 1567 1805 1630 loco
1856 1569 2040 1631 natis,

745 1693 1035 1762 πολλοέκις
1079 1690 1146 1771 γ’
1194 1693 1337 1772 ἡμῖν
1383 1693 1583 1770 ἔδοξεν
1629 1696 1663 1770 ἡ
1710 1698 1874 1764 πόλις
1924 1692 2269 1756 πεπονθέναι

742 1803 970 1867 ταύτὸν
1018 1807 1077 1875 ές
1122 1828 1190 1867 τε
1237 1811 1355 1867 τῶν
1402 1810 1655 1868 πολιτῶν
1700 1807 1837 1877 τούς
1886 1809 2108 1876 καλούς
2159 1830 2227 1869 τε
2275 1805 2622 1884 κάγαθούς,

747 1921 807 1988 ἔς
853 1941 922 1979 τε
967 1915 1272 2003 τάρχαῖον
1319 1921 1590 1997 νόμισμα
1639 1921 1747 1980 καῖ
1789 1919 1857 1981 τὸ
1904 1919 2103 1981 καινὸν
2150 1923 2411 2004 χρυσίον.

745 2034 880 2093 οὔτε
926 2031 1054 2117 γαρ
1102 2035 1390 2094 τούτοισιν
1437 2027 1591 2092 οὖσιν
1640 2031 1704 2093 οὐ
1749 2032 2337 2114 κεκιβδηλευμένοις,

745 2143 916 2208 ἀλλα
964 2149 1312 2214 καλλίστοις
1361 2145 1686 2220 οὲποέντων,
1736 2147 1811 2215 ὡς
1860 2147 2041 2218 δοκεῖ,
2091 2147 2522 2227 νομισμοὲτων,

744 2261 854 2320 καὶ
898 2262 1096 2337 μόνοις
1140 2257 1310 2343 ὀρθῶς
1354 2264 1575 2320 κοπεῖσι
1620 2260 1727 2319 καὶ
1768 2259 2288 2338 κεκωδωνισμένοις

744 2377 805 2434 ἔν
851 2395 920 2433 τε
967 2378 1090 2442 τοῖς
1139 2369 1406 2447 ’Έλλησι
1451 2374 1559 2432 καὶ
1601 2378 1723 2440 τοῖς
1769 2371 2131 2457 βαρβοὲροισι
2179 2376 2545 2452 πανταχοῦ,

745 2482 1012 2569 χρώμεθ’
1060 2483 1253 2555 οὐδὲν,
1302 2481 1473 2545 ἀλλα
1520 2486 1748 2553 τούτοις
1793 2489 1915 2553 τοῖς
1962 2491 2219 2569 πονηροῖς
2265 2488 2582 2563 χαλκιόις,

743 2596 891 2677 χθές
935 2621 1005 2660 τε
1052 2600 1158 2658 καὶ
1201 2601 1392 2679 πρῴην
1437 2602 1656 2658 κοπεῖσι
1707 2600 1792 2674 τῷ
1836 2600 2101 2673 κακίστῳ
2146 2601 2464 2675 κόμματι,

650 2724 880 2784 eodem
945 2722 1141 2784 modo
1189 2743 1318 2783 non
1363 2723 1638 2803 amplius
1688 2723 1926 2785 utimur
1974 2722 2291 2785 nobilibus
2342 2722 2626 2799 civibuS‚
2678 2729 2803 2792 τοῖς

649 2849 713 2910 δὲ
759 2855 1020 2928 χαλκοῖς
1064 2851 1172 2910 καὶ
1213 2848 1420 2925 ἕένοις.

580 2950 584 2957 ⁴
649 2976 743 3039 Cf.
786 2977 948 3037 Ran.
999 2997 1091 3036 vs,
1121 2976 1280 3055 890,
1336 2975 1443 3036 ubi
1489 2975 1821 3054 Dionysus
1866 2973 2242 3056 Euripidem
2291 2984 2513 3056 rogat:
2568 2984 2804 3037 suntne

650 3102 767 3165 tibi
813 3102 914 3164 dei

829 3216 959 3278 ἴδιοί
1000 3217 1153 3285 τινές
1201 3236 1335 3286 σου,
1384 3218 1605 3295 κόμμα
1649 3218 1876 3290 καινόν;
1927 3209 2081 3279 Eur.
2130 3217 2239 3276 καὶ
2281 3214 2488 3294 μοὶλα.

651 3353 717 3406 et
764 3343 926 3405 Plut.
978 3363 1070 3403 vs.
1127 3341 1251 3402 862
1278 3391 1293 3417 ,
1342 3340 1452 3414 ubi
1497 3341 1578 3400 de
1623 3340 2027 3422 sycophanta
2071 3343 2355 3422 quodam
2402 3343 2662 3405 dieitur:

1053 3456 1200 3516 ἔοικε
1245 3454 1296 3514 δ’
1346 3453 1493 3514 εἶναι
1537 3450 1643 3515 τοῦ
1688 3457 1930 3538 πονηροῦ
1973 3457 2317 3533 κόμματος.

736 3618 1095 3682 Nonnullas
1138 3616 1550 3699 metaphoras
1591 3628 1809 3680 noster
1849 3621 2074 3699 petivit
2098 3642 2183 3683 ex
2207 3631 2363 3700 arte,
2406 3645 2533 3685 non
2559 3625 2798 3688 multas

648 3759 863 3810 tamen
886 3796 902 3822 ‚
952 3745 1164 3825 plures
1209 3745 1705 3824 exspectaveris,

649 3876 752 3936 Fr.
802 3889 936 3950 414
980 3871 1266 3933 continet
1310 3867 1506 3930 hosce
1550 3888 1804 3931 versus:

916 3995 1000 4056 Τί
1041 3993 1139 4058 οὖν
1185 3981 1476 4072 ποιῶμεν;
1524 3992 1771 4073 χλανίδ’
1822 3993 2005 4079 ἐχρῆν
2051 3997 2263 4074 λευκὴν
2308 3999 2564 4080 λαβεῖν,

915 4108 1023 4172 εἶτ’
1075 4107 1367 4187 ι’σθμιακα
1414 4106 1751 4189 λαβόντες,
1801 4112 1991 4193 ὥσπερ
2037 4112 2092 4170 οἱ
2133 4114 2334 4195 χοροῐ,

911 4224 1155 4302 ᾄδωμεν
1203 4221 1259 4292 ἐς
1308 4222 1410 4284 τὸν
1456 4222 1746 4298 δεσπότην
1793 4221 2113 4302 ἐγκώμιον.

643 4337 972 4401 Athenae.
1022 4334 1402 4414 Ἰσθμιακόνε
1450 4335 1632 4406 οὕτως
1677 4338 2047 4413 καλούμενον
2090 4335 2417 4415 στέφανον.
