3317 5134
1550 479 1628 545 53

614 672 835 734 Gallos
873 685 1271 754 pugnatores
1307 675 1454 736 allio
1477 677 1763 756 instigari
1788 676 2110 757 putabant
2132 679 2377 758 antiqui
2402 678 2674 758 ideoque

525 808 674 861 ante
741 801 1092 861 certamina
1161 799 1286 863 hoc
1351 801 1494 862 olus
1561 802 1680 863 illis
1749 802 2068 862 edendum
2138 802 2291 863 dare
2360 801 2672 865 solebant.

525 925 692 986 Vide
739 927 906 987 Xen.
955 926 1186 1008 Symp.
1234 946 1298 1005 4.
1325 945 1386 1008 9.
1437 933 1568 988 ἑνιοι
1613 929 1751 997 τούς
1790 928 2196 1010 ἀλεκτρυόνας
2232 929 2675 1011 σκοροῦιζσαντες

527 1050 974 1130 συμβάλλουσι.
1021 1053 1144 1133 Eq.
1204 1075 1300 1114 vs,
1353 1071 1488 1134 494
1532 1063 1753 1117 autem
1803 1053 2037 1116 chorus
2082 1054 2469 1116 botularium
2522 1076 2671 1116 cum

527 1174 940 1258 Paphlagone
963 1180 1410 1241 cecraxidama
1447 1180 1899 1242 dimicaturum
1938 1180 2110 1260 gallo
2135 1181 2465 1244 assimulat
2488 1182 2675 1262 eique
2736 1203 2745 1212 ·

527 1303 670 1364 allia
711 1304 844 1382 dat,
885 1305 1134 1366 dicens:

787 1434 906 1509 {xe
955 1455 1088 1502 νυν,
1137 1430 1493 1510 ἐπέγκαψον
1537 1431 1751 1512 λαβαν
1798 1433 1960 1493 ταδί.
2006 1432 2153 1494 Bot.
2201 1439 2266 1493 τί
2306 1433 2441 1506 δαί;

527 1553 718 1617 Chor.
791 1554 860 1616 ἕλ’
907 1559 1186 1635 ἄμεινον,
1235 1556 1280 1618 ὦ
1325 1560 1444 1618 τᾶν
1485 1556 1954 1640 ἐσκοροδισμένος
1999 1559 2211 1638 μαχῇ.

528 1707 807 1787 agedum
863 1708 1108 1787 degluti
1171 1706 1296 1770 hoc
1357 1729 1634 1790 quoque.
1702 1709 1845 1772 Bot.
1907 1710 2079 1791 Quid
2149 1710 2279 1772 ita?
2346 1709 2537 1774 Chor.
2608 1721 2681 1773 ut

529 1835 776 1910 fortius,
842 1856 884 1896 o
929 1835 1135 1912 bone,
1199 1855 1454 1916 pugnes
1499 1835 1646 1897 allio
1700 1845 1946 1916 pastus,
1994 1837 2239 1899 Versus
2301 1845 2644 1916 sequentes
2668 1887 2681 1910 ,

529 1962 589 2022 in
631 1961 869 2042 quibus
904 1963 1307 2042 comparatio
1345 1961 1776 2037 continuatur,
1827 1962 1954 2022 iam
2000 1981 2194 2041 supra
2240 1962 2681 2026 tractavimus,

614 2086 730 2148 Vs,
777 2085 910 2167 946
955 2086 1226 2162 DemuS,
1271 2106 1466 2166 quem
1505 2086 1866 2152 botularius
1904 2086 2025 2147 sibi
2049 2088 2424 2164 conciliavit,
2451 2088 2681 2158 eodem

531 2211 848 2273 vocabulo
895 2213 1096 2274 utitur
1137 2210 1628 2292 ‚Paphlagonem
1679 2214 2061 2292 obiurgans:

660 2338 732 2398 σι)
771 2335 824 2398 δ’
873 2335 918 2398 ὦ
967 2335 1394 2414 Παφλαγών,
1445 2335 1703 2414 Φασκων
1750 2336 1953 2416 φιλεῖν
1998 2339 2070 2416 μ’
2120 2337 2507 2423 ἐσκορόδισας.

616 2551 782 2614 Cum
853 2552 1262 2632 Dicaeopolis
1335 2550 1506 2613 Ach.
1575 2572 1670 2614 vs,
1731 2550 1853 2612 166
1915 2551 2130 2613 allium
2183 2552 2300 2613 sibi
2344 2545 2684 2634 dereptum

529 2679 612 2739 ab
655 2677 1135 2741 Odomantibus
1183 2679 1412 2740 acriter
1458 2679 1754 2758 requirit,
1805 2678 2057 2758 legatus
2096 2677 2397 2758 perfidu3‚
2439 2681 2548 2760 qui
2572 2700 2683 2741 eos

530 2827 616 2865 ex
659 2802 936 2865 Thracia
982 2823 1202 2864 secum
1249 2802 1550 2866 Athenas
1595 2803 1816 2879 duxit,
1866 2803 2222 2866 exclamat:

1812 2928 1857 2990 ὦ
1904 2926 2173 3013 μοχθηρέ
2217 2929 2324 3002 σι),

973 3055 1035 3117 οὐ
1091 3057 1179 3133 μὴ
1228 3059 1423 3138 πρόσει
1468 3058 1756 3117 τούτοισιν
1804 3053 2291 3136 ἐσκοροδισμένοις
2306 3078 2322 3129 ;

531 3226 571 3266 o
633 3205 956 3286 improbe,
1035 3225 1192 3267 cave
1274 3226 1354 3266 ne
1414 3205 1497 3266 ad
1559 3205 1699 3266 illos
1760 3204 2063 3280 accedaS‚
2133 3226 2282 3268 cum
2343 3206 2489 3268 allio
2558 3208 2686 3270 sint

530 3333 716 3412 pasti.

619 3459 762 3519 Pac,
812 3479 906 3520 vs,
960 3470 1082 3536 502
1134 3466 1328 3538 poeta
1374 3457 1620 3518 comica
1666 3455 1969 3537 allegoria
2010 3457 2246 3519 indicat
2271 3458 2687 3538 Megarenses

531 3585 803 3664 primam
873 3583 1020 3644 belli
1087 3603 1350 3645 causam
1423 3582 1815 3663 praebuisse.
1889 3582 2056 3646 Cum
2128 3585 2299 3645 enim
2367 3585 2686 3664 agricolae

532 3710 718 3771 deam
787 3710 1019 3771 Pacem
1094 3731 1178 3770 ex
1241 3710 1460 3789 fovea,
1526 3710 1586 3769 in
1654 3728 1852 3789 quam
1901 3729 1939 3769 a
1987 3708 2251 3770 Polemo
2297 3710 2543 3774 deiecta
2589 3722 2688 3775 est

535 3833 870 3916 extrahere
939 3844 1288 3906 conantur,
1359 3834 1714 3896 Mercurius
1776 3823 2191 3915 Megarenses
2251 3835 2425 3899 hisce
2474 3838 2687 3899 verbis

533 3960 617 4021 ab
662 3981 856 4042 opere
902 3970 1111 4022 arcet:

797 4086 1005 4169 ἄνδρες
1051 4083 1405 4171 Μεγαρῆς,
1455 4084 1554 4147 οὐκ
1604 4083 1662 4155 ἐς
1711 4087 1972 4170 κόρακας
2022 4084 2327 4169 ἐρρήσετε;

800 4217 969 4289 μισεῖ
1005 4209 1134 4295 γαρ
1182 4212 1347 4289 ὑμᾶς
1395 4213 1426 4286 ἡ
1475 4209 1598 4281 θεὸς
1644 4211 2041 4290 μεμνημένη,

801 4333 1015 4420 πρῶτοι
1060 4334 1189 4420 γαρ
1237 4335 1429 4412 αὐτὴν
1474 4341 1596 4405 τοῖς
1642 4335 1927 4420 σκορόδοις
1969 4335 2287 4416 ἠλείψατε.
