3317 5134
1580 446 1668 509 66

563 656 835 719 militum
883 657 1162 738 ipsiusve
1207 658 1479 719 civitatis
1525 657 1874 719 commodo
1923 657 2316 719 consuluisse
2364 656 2703 720 ferebatur.

564 784 677 846 Ad
715 784 832 846 has
871 785 1124 865 rapinas
1169 785 1390 847 alludit
1437 785 1652 865 igitur,
1694 804 1843 846 cum
1886 805 1980 846 vs,
2006 801 2156 865 924,
2184 784 2530 864 imaginem
2556 803 2704 846 cum

563 911 753 972 rebus
810 911 976 972 veris
1027 910 1222 972 libere
1265 911 1689 992 permiscenS‚
1740 920 2181 974 accusatorem
2226 910 2706 991 praedicantem

562 1036 742 1099 facit:
791 1037 937 1116 „Ne
980 1036 1281 1099 dimittite
1325 1056 1506 1114 eum,

961 1163 1120 1232 ὅστις
1166 1164 1560 1247 περιπλεύσας
1606 1162 1718 1240 τὴν
1765 1159 1960 1224 θυείαν
2005 1160 2064 1223 ἐν
2110 1164 2306 1237 κύκλῳ

962 1285 1025 1349 ἐκ
1071 1292 1190 1349 τῶν
1237 1291 1460 1350 πόλεων
1505 1287 1574 1350 τὸ
1620 1294 1813 1373 σκῖρον
1860 1286 2218 1366 ἐξεδήδοκεν.

560 1437 670 1517 qui
717 1439 1092 1500 mortarium
1134 1440 1689 1520 circumnavigans
1715 1449 1997 1502 crustam
2022 1459 2107 1499 ex
2134 1437 2398 1498 urbibus
2423 1432 2704 1497 exedit.’'

648 1664 892 1727 EccleS.
973 1686 1065 1728 vs,
1117 1683 1240 1746 991
1326 1667 1596 1728 iuvenis.
1627 1675 1854 1729 contra
1916 1665 2200 1728 vetulam
2267 1664 2703 1738 libidinosam,

558 1792 737 1853 cuius
793 1792 1009 1854 vultus
1071 1795 1246 1873 rugis
1290 1814 1366 1856 ac
1421 1794 1819 1856 cicatricibus
1866 1801 2165 1874 turpatus
2212 1801 2347 1867 est,
2396 1793 2483 1852 ita
2532 1790 2707 1850 voci-

558 1916 828 1979 feratur:

1000 2067 1146 2131 ἀλλ’
1203 2069 1348 2150 οὐχὶ
1390 2073 1514 2132 νυνὶ
1556 2071 1844 2156 κρησέραν
1892 2066 2249 2148 αἰτούμεθα.

566 2231 678 2294 sed
740 2253 907 2296 nunc
967 2234 1372 2314 pollinarium
1420 2236 1699 2297 cribrum
1745 2235 1930 2296 nobis
1979 2254 2107 2294 non
2154 2252 2318 2314 opus
2365 2240 2463 2293 est
2490 2226 2614 2313 (¹).

557 2356 758 2420 Cribri
804 2360 998 2421 etiam
1048 2361 1289 2422 mentio
1335 2359 1407 2422 fit
1453 2361 1515 2420 in
1563 2359 1927 2440 fragmento
1971 2375 2106 2437 404
2142 2378 2157 2419 ε

1050 2488 1240 2569 ὥσπερ
1294 2488 1552 2547 κόσκινον
1599 2486 1889 2570 αι’ρόπινον
1938 2485 2250 2568 τέτρηται.

557 2608 851 2671 Cribrum
900 2602 1188 2694 αι’ρόπινον
1233 2610 1402 2686 dicit,
1452 2631 1583 2691 quo
1624 2581 2016 2672 frumentum
2056 2610 2142 2670 ab
2182 2607 2331 2669 lolio
2370 2615 2703 2688 purgatur.

556 2731 906 2819 (Dindorf.)

643 2860 886 2923 EccleS.
963 2882 1057 2925 vs,
1136 2879 1294 2924 1002
1384 2863 1550 2924 idem
1625 2862 1902 2937 iuveniS,
1990 2881 2186 2942 quem
2255 2879 2417 2921 anus
2487 2877 2705 2920 amore

555 2988 812 3049 incensa
899 2989 961 3049 in
1031 2987 1396 3050 cubiculum
1465 3008 1654 3049 suum
1731 2989 1794 3049 vi
1874 2997 1938 3050 et
2010 2987 2137 3048 fere
2208 2987 2471 3049 obtorto
2538 2983 2703 3046 collo

554 3114 820 3195 abripit,
891 3114 1352 3176 contumeliose
1419 3115 1774 3176 admodum
1845 3115 1956 3176 sed
2029 3134 2157 3174 non
2245 3113 2432 3174 valde
2505 3112 2708 3175 facete

558 3237 741 3320 (mihi
807 3247 978 3301 certe
1047 3238 1149 3300 hic
1217 3240 1394 3301 iocus
1440 3238 1650 3319 friget)
1711 3239 2068 3301 exclamat:
2137 3259 2337 3300 uncus
2384 3247 2515 3313 est,
2577 3258 2703 3298 non

558 3365 817 3427 mulier:

734 3520 800 3578 τί
841 3517 998 3588 δῆτα
1046 3517 1355 3602 κρεάγρας
1405 3522 1525 3587 τοῖς
1571 3516 1771 3587 κάδοις
1819 3514 2087 3597 ὠνοίμεθ’
2138 3515 2247 3588 ὀὲν,

736 3639 869 3719 ἐξὸν
917 3640 1180 3705 καθέντα
1228 3643 1476 3728 γρᾴδιον
1536 3645 1824 3705 τοιουτονὶ

738 3767 800 3829 ἐκ
847 3772 966 3830 τῶν
1012 3766 1298 3851 φρεάτων
1345 3768 1482 3839 τούς
1529 3768 1745 3838 κάδους
1790 3765 2256 3847 συλλαμβάνειν
2272 3789 2289 3840 3

643 3994 888 4056 Paucas
935 3992 1348 4076 metaphoras
1397 4003 1614 4056 noster
1658 3992 1857 4055 habet
1904 4012 1990 4053 ex
2037 3992 2287 4054 balneo,

629 4340 701 4404 (¹)
737 4342 990 4405 Compara
1025 4348 1280 4392 nostrum:
1315 4359 1398 4391 een
1431 4344 1624 4408 geziclzt
1655 4343 1736 4391 als
1766 4359 1850 4391 een
1882 4343 2252 4405 schuimspaan.
