3317 5134
1477 507 1550 569 31

535 697 604 762 Si
668 709 890 761 autem
949 699 1254 763 Carcinus
1317 701 1592 776 venerit,
1664 721 1854 763 orans
1923 711 1994 763 ut
2060 723 2279 765 secum
2340 725 2415 767 ac
2458 706 2592 767 eius

443 823 584 886 filiis
647 823 914 887 choreas
969 825 1300 900 instituaS‚
1365 845 1446 886 ne
1502 825 1913 908 obtemperes
1976 847 2093 889 nec
2152 829 2370 890 venias
2416 829 2593 891 adiu-

442 952 571 1013 trix
637 949 785 1027 illis,
861 952 974 1013 sed
1035 961 1196 1032 puta
1256 971 1482 1012 omnes
1542 971 1684 1013 esse
1746 953 2102 1014 coturnices
2170 954 2590 1032 domesticaS,

443 1077 781 1140 saltatores
829 1077 1325 1154 brevicervicOS,
1375 1086 1621 1140 statura
1668 1099 1947 1155 nannOS‚
1988 1080 2394 1160 caprinorum
2435 1091 2591 1144 ster-

443 1224 666 1265 corum
713 1213 1037 1280 ramenta,
1087 1202 1526 1266 machinarum
1573 1204 1957 1267 inventores,

1311 1444 1348 1471 Η

532 1445 816 1522 „Omnia
860 1447 989 1507 iam
1033 1445 1306 1507 facerem
1356 1496 1370 1521 ,
1433 1444 1797 1507 Philocleon
1844 1447 2042 1527 Vesp.
2089 1467 2182 1508 vs,
2237 1465 2364 1528 349
2406 1448 2557 1510 dicit
2580 1497 2593 1520 ‚

446 1575 539 1652 „si
590 1594 678 1635 ex
721 1572 848 1636 hoc
895 1593 1154 1635 carcere
1199 1572 1480 1654 effugere
1525 1593 1783 1654 possem
1804 1623 1818 1649 ,

577 1777 730 1840 οὕτω
778 1781 965 1839 κιττῶ
1012 1774 1111 1837 διοὶ
1157 1779 1276 1837 τῶν
1323 1775 1574 1837 σανίδων
1619 1779 1791 1854 μετοὶ
1838 1778 2100 1859 χοιρίνης
2142 1773 2474 1861 περιελθεῖν.

534 1957 648 2021 Ad
695 1956 1152 2038 explicandum
1198 1954 1470 2017 verbum
1510 1959 1697 2015 κιττῶ
1737 1953 2080 2017 scholiasta
2103 1954 2263 2016 haec
2286 1964 2588 2019 annotat:

446 2088 672 2170 εὶρηται
741 2084 794 2145 δ’
846 2082 910 2145 ἐκ
971 2085 1078 2144 τοῦ
1145 2081 1337 2166 ὀρνέου
1402 2085 1643 2156 κίττης,
1716 2082 1886 2164 ὅπερ,
1950 2077 2379 2160 ἐπιθυμητικῶς
2449 2083 2593 2160 ἑχον

445 2216 564 2271 τῶν
611 2207 941 2294 ἀκροδρύων
987 2208 1237 2288 ταχέως
1289 2207 1776 2291 δυσαρεστεῖται,
1826 2207 1896 2284 ἐξ
1943 2205 2019 2268 ὧν
2067 2206 2118 2268 δ’
2162 2205 2239 2266 ὀὲν
2264 2202 2463 2278 ἐσθίοι,
2489 2208 2595 2267 καὶ

446 2336 627 2398 ποέλιν
673 2335 888 2420 ἑτέρων
937 2332 1223 2414 ἐπιθυμεῖ.

531 2593 604 2652 In
652 2592 792 2652 rixa
832 2588 1306 2670 Dicaeopolidis
1330 2605 1405 2646 ac
1432 2585 1743 2649 Lamachi
1768 2585 1870 2648 hic
1894 2595 2082 2666 rogat
2108 2583 2277 2646 Ach.
2307 2607 2393 2647 vs.
2432 2588 2588 2666 598:

1790 2768 1881 2835 τίς
1928 2763 2057 2850 γάρ
2104 2765 2161 2826 εἶ
2177 2789 2193 2840 ;

442 2909 542 2969 cui
591 2907 753 2970 alter
798 2905 1146 2987 respondet
1180 2926 1193 2967 :

710 3073 908 3144 ὅστις,
957 3073 1202 3144 πολίτης
1248 3066 1546 3151 χρηστὸς,
1587 3065 1650 3127 οὐ
1697 3066 2171 3151 σπουδαρχίδης,

712 3198 786 3260 σύ
832 3199 883 3259 δ’
939 3195 1009 3275 ἐξ
1056 3199 1193 3259 ὅτου
1239 3217 1346 3279 περ
1390 3197 1422 3256 o‘
1465 3197 1728 3272 πόλεμος
1773 3191 2192 3279 μισθαρχίδης.

385 3429 394 3433 -
441 3388 775 3453 Lamacho
823 3408 894 3450 se
937 3385 1356 3448 defendente:
1392 3383 1851 3466 ἐχειροτόνησαν
1888 3380 2017 3466 γοίρ
2056 3404 2158 3462 με,
2185 3383 2591 3464 Dicaeopolis

443 3515 871 3596 contemptim
943 3510 1324 3594 respondet:
1401 3507 1696 3586 κόκκυγές
1763 3530 1843 3585 γε
1912 3513 2088 3591 τρεῖς.
2149 3509 2310 3571 Tres
2355 3510 2591 3574 scilicet

440 3641 679 3724 garruli
728 3659 804 3701 ac
848 3638 1020 3700 leves
1068 3635 1371 3699 rhetores,
1422 3633 1514 3699 Cf.
1569 3634 1631 3697 fr.
1689 3631 1776 3710 64
1820 3631 2099 3694 Platonis
2144 3634 2409 3696 cornici:

1239 3799 1358 3880 οὐχ
1403 3801 1544 3884 ὁρᾷς
1579 3799 1671 3859 ὅτι

710 3933 742 3992 0‘
787 3929 903 4010 μὲν
950 3926 1287 4011 Λέαγρος,
1334 3923 1690 3995 Γλαύκωνος
1735 3924 1813 3985 ὢν
1857 3924 2146 4004 μεγοέλου
2188 3927 2433 4004 γένους,

711 4052 1237 4140 ἀβελτεροκόκκυξ
1283 4047 1493 4123 ἠλίθιος
1536 4049 1921 4134 περιέρχεται
1934 4073 1953 4125 3

509 4230 710 4294 Bekk.
761 4229 989 4292 anekd.
1042 4243 1146 4308 27,
1199 4245 1286 4306 24
1331 4224 1855 4311 ἀβελτεροκόκκυξ
1880 4245 1895 4288 :
1924 4223 2255 4313 ἀβέλτερος
2280 4232 2386 4292 καὶ
2407 4235 2587 4304 κενός,

441 4363 716 4435 κόκκυγα
787 4359 1032 4435 λέγουσι
1100 4360 1203 4417 τὸν
1249 4354 1411 4416 κενὸν
1457 4354 1564 4415 καὶ
1604 4351 1848 4434 κοῦφον.
