3317 5134
1683 445 1765 522 98

1679 657 1791 716 IV.

727 856 1079 918 Wolfflinio
1118 856 1572 918 contendenti:
1613 854 2009 939 (Philologus
2054 857 2239 934 1874,
2280 855 2405 917 vol.
2438 873 2539 936 34,
2566 876 2713 937 pars
2738 857 2784 931 1,

637 1004 698 1064 p.
781 982 929 1064 146)
1016 981 1173 1060 „Bei
1218 978 1456 1043 Sallust
1522 981 1604 1042 ist
1674 1000 1823 1041 man
1891 979 2197 1060 gewohnt
2256 980 2404 1061 jede
2472 981 2787 1062 auffallige

638 1107 1275 1190 eigenthumlichkeit
1318 1107 1411 1168 als
1449 1105 1845 1168 archaismus
1885 1127 1963 1166 zu
2006 1106 2258 1182 taufen,
2295 1105 2596 1168 wahrend
2636 1127 2785 1168 man

638 1233 732 1295 oft
755 1233 972 1295 besser
995 1231 1176 1295 thate
1199 1252 1328 1293 von
1352 1229 1676 1312 vulgarem
1700 1229 2315 1292 demokratenlatez'n
2337 1253 2414 1292 zu
2433 1231 2783 1313 sprechen''

639 1377 768 1419 non
836 1358 1315 1420 assentiendum
1361 1376 1500 1418 esse
1547 1357 1757 1420 credo,
1805 1355 2223 1418 Verisimilius
2269 1366 2367 1418 est
2411 1354 2783 1419 Sallustium

638 1484 958 1546 interdum
1041 1503 1346 1564 usurpare
1429 1483 1679 1545 dicendi
1760 1451 1999 1562 genus,
2090 1500 2221 1562 quo
2289 1481 2785 1543 emendatissimi

637 1609 976 1689 scriptores
1045 1608 1230 1670 sicuti
1313 1606 1536 1670 Cicero
1605 1617 1671 1670 et
1739 1606 1975 1670 Caesar
2033 1606 2098 1666 in
2162 1625 2461 1667 sermone
2522 1606 2783 1686 quidem

638 1735 957 1796 cotidiano
1004 1733 1369 1810 utebantur,
1417 1754 1456 1795 a
1503 1753 1635 1815 quo
1681 1742 1901 1795 autem
1943 1733 2006 1792 in
2046 1731 2293 1812 scriptis
2331 1729 2783 1794 abhorrebant.

1671 2014 1750 2073 V.

731 2228 938 2289 Nimis
1004 2248 1211 2309 pauca
1281 2237 1436 2289 nota
1504 2237 1656 2289 sunt
1701 2227 1783 2288 de
1828 2227 2076 2308 seriptis
2123 2236 2189 2288 et
2231 2227 2364 2288 vita
2410 2227 2597 2288 Asini
2664 2228 2783 2288 Po-

638 2353 822 2414 lionis
889 2373 1090 2434 quam
1157 2362 1227 2415 ut
1275 2353 1478 2415 facere
1524 2353 1845 2433 possimus
1884 2371 2031 2414 cum
2089 2349 2439 2412 Wolfflinio
2495 2361 2561 2414 et
2620 2352 2778 2412 Mio-

637 2463 910 2539 donskio
962 2476 1060 2558 (C.
1111 2477 1298 2538 Asini
1337 2477 1610 2538 Polionis
1643 2477 1724 2538 de
1770 2475 1948 2538 Bello
1996 2475 2218 2538 Africo
2263 2475 2779 2537 commentarius,

637 2601 1124 2663 Recensuerunt
1193 2600 1270 2662 E.
1344 2600 1630 2661 Wolfflin
1702 2609 1768 2662 et
1834 2601 1922 2662 A.
1988 2591 2373 2663 Miodoriski.
2418 2601 2672 2680 Lipsiae
2718 2600 2780 2660 in

635 2727 902 2788 aedibus
965 2727 1338 2806 Teubneri.)
1407 2726 1517 2807 qui
1587 2725 1671 2786 illi
1717 2726 1852 2786 viro
1901 2726 2434 2789 commentarium
2478 2725 2558 2786 de
2603 2723 2781 2785 Bello

638 2851 860 2913 Africo
905 2852 1383 2932 asscripserunt.

1653 3102 1763 3160 VI.
1789 3071 1793 3075 ⁴

726 3338 918 3402 Ovid.
967 3338 1160 3399 Trist.
1210 3336 1337 3412 III,
1396 3355 1447 3405 1,
1494 3331 1616 3413 40':

720 3465 922 3544 cingit
967 3474 1032 3525 et
1078 3472 1393 3543 augustas
1434 3462 1625 3523 arbor
1670 3481 1875 3542 opaca
1923 3429 2185 3522 comas?

723 3589 968 3650 bonum
1016 3607 1275 3648 sensum
1323 3607 1450 3648 non
1498 3586 1787 3667 praebet.

1649 3838 1784 3898 VII.

723 4039 908 4103 Caes,
959 4040 1022 4101 d.
1072 4039 1144 4101 Β,
1195 4038 1274 4101 G.
1324 4038 1441 4118 111„
1500 4054 1565 4113 1,
1615 4036 1697 4098 6:

723 4163 994 4226 alteram
1042 4172 1293 4244 partem
1339 4164 1473 4224 eius
1520 4162 1640 4223 vici
1689 4160 1854 4222 Galli
1903 4161 1984 4221 ad
2013 4159 2425 4222 hiemandum
2447 4159 2777 4232 concessit,

729 4288 851 4349 Pro
902 4286 1403 4368 „hiemandum”
1444 4286 1790 4367 legendum
1828 4284 2292 4362 „habitandum
2321 4283 2357 4308 ’'
