3317 5134
1753 470 1789 528 8

791 682 862 741 In
903 681 1321 761 sequentibus
1360 680 1648 741 versibus
1680 678 1839 741 haec
1861 678 2101 740 ludicra
2125 679 2397 741 imitatio
2422 679 2849 741 continuatur.

702 813 796 855 vs,
849 791 1012 872 1067
1063 791 1415 854 botularius
1461 791 1702 872 profert
1746 791 2076 853 oraculum
2122 791 2277 854 hoc:
2345 827 2349 834 ·

881 995 1143 1073 Αἰγείδη
1190 990 1468 1079 φροίσσαι
1513 995 1941 1067 κυναλώπεκα,
1992 995 2080 1074 μη
2127 1015 2193 1056 σε
2235 995 2460 1074 δολώση

879 1118 1240 1206 λαίθαργον,
1290 1131 1643 1200 ταχύπουν,
1686 1122 1891 1184 δολιάν
1935 1121 2151 1206 κερδὼ,
2203 1122 2513 1206 πολύιδριν.

877 1244 1015 1309 οἷσθ’
1064 1250 1101 1309 ὅ
1138 1271 1198 1310 τι
1244 1250 1404 1310 ἔστιν
1449 1251 1664 1323 τοῦτο;
1705 1248 1896 1310 Dem.
1936 1246 2350 1333 Φιλόστρατος
2399 1250 2431 1324 ἡ
2467 1248 2851 1326 κυναλώπηξ.

700 1375 847 1437 Bot.
879 1373 942 1436 οὐ
982 1377 1163 1437 τοῦτό
1203 1370 1415 1453 φησιν,
1463 1371 1636 1436 ἀλλά
1684 1377 1828 1445 ναῦς
1880 1373 2174 1437 ἑκοέστοτε

879 1500 1053 1561 αι’τεῖ
1081 1502 1352 1579 ταχείας
1396 1496 1847 1584 ἀργυρολόγους
1893 1499 2107 1562 οὑτοσί·

880 1627 1122 1695 ταύτας
1170 1621 1425 1702 ἀπαυδᾷ
1469 1623 1559 1703 μὴ
1605 1624 1825 1686 διδόναι
1863 1624 1954 1686 σ’ὁ
2001 1621 2271 1702 Λοξίας.

789 1837 988 1901 Cleon
1037 1837 1333 1899 nimirum
1380 1838 1611 1899 iterum
1659 1838 2014 1899 traducitur
2059 1858 2221 1900 voce
2259 1839 2643 1917 κυναλώπηξ,
2683 1858 2885 1934 quae·

699 1963 1089 2044 tragicorum
1109 1983 1287 2024 more
1302 1962 1577 2025 formata
1599 1972 1717 2040 est,
1736 1964 1900 2026 sicut
1918 1962 2290 2044 Aeschylus
2314 1965 2514 2026 utitur
2533 1964 2849 2026 vocabulo

701 2088 1173 2172 ἱππαλεκτρυών.
1241 2087 1403 2150 Vilis
1463 2097 1561 2150 est
1625 2087 1825 2151 Cleon
1874 2098 1946 2151 ut
1992 2089 2199 2165 canis,
2250 2098 2317 2150 at
2383 2089 2552 2150 idem
2598 2097 2850 2151 astutus

701 2223 772 2276 ut
840 2213 1084 2294 vulpes,
1155 2211 1283 2275 Sed
1353 2214 1416 2275 id
1478 2215 1653 2294 quod
1715 2214 1965 2276 Demus
2024 2214 2254 2276 deinde
2317 2223 2538 2295 rogat,
2590 2215 2851 2276 minime

697 2359 847 2403 cum
914 2338 1444 2420 praecedentibus
1499 2339 1711 2401 verbis
1756 2341 2084 2421 congruit:
2151 2344 2271 2410 πῶς
2328 2340 2397 2416 δὴ
2445 2342 2676 2424 τριήρης
2724 2339 2855 2402 ἐστὶ

697 2465 1062 2543 κυναλώπηξ
1074 2487 1092 2539 ;
1141 2465 1278 2526 Nisi
1338 2464 1509 2526 aliud
1571 2465 1725 2546 quid
1787 2465 1978 2543 latet,
2027 2486 2228 2527 senex
2275 2474 2640 2547 postremos
2686 2466 2848 2548 duos

697 2589 919 2652 versus
987 2609 1115 2651 non
1184 2590 1502 2652 audivisse
1569 2590 1851 2668 videtur,
1924 2592 2037 2653 sed
2098 2590 2306 2653 solum
2375 2592 2599 2653 verba:
2676 2588 2848 2652 ἀλλά

698 2717 842 2786 ναῦς
886 2715 1203 2777 ἑκάστοτε.

763 2841 1128 2904 Botularius
1149 2850 1388 2912 autem,
1408 2843 1519 2923 qui
1542 2841 1784 2904 homini
1808 2843 2178 2923 grandaevo
2204 2842 2544 2922 blanditur,
2569 2860 2845 2902 errorem

696 2967 830 3028 eius
889 2968 1205 3048 corrigere
1269 2988 1398 3029 non
1451 2967 1622 3043 vult,
1674 2988 1820 3028 cum
1867 2967 2243 3048 praesertim
2292 2966 2621 3047 intellegat
2668 2985 2845 3046 spec-

696 3102 936 3155 tatores
983 3102 1154 3156 certe
1200 3093 1478 3156 vaticinii
1528 3094 1915 3154 sententiam
1964 3102 2029 3155 et
2076 3113 2192 3154 sua
2237 3093 2409 3154 dicta
2455 3091 2658 3172 probe
2703 3111 2844 3172 per-

694 3219 1000 3300 spexisse.
1027 3219 1404 3300 Respondet
1429 3219 1655 3299 igitur:
1685 3220 1855 3293 ὅπως
1882 3217 2110 3279 deinde
2134 3216 2467 3298 paululum
2492 3216 2845 3279 subsistens
2928 3240 2935 3244 ·

696 3342 784 3403 sic
843 3342 1084 3423 pergit,
1147 3341 1400 3422 longius
1459 3341 1842 3423 longiusque
1885 3364 1923 3404 a
1967 3363 2119 3404 vera
2180 3343 2496 3404 sententia
2544 3342 2845 3404 aberrans

696 3476 761 3529 et
799 3468 1279 3530 insulsissimam
1320 3468 1847 3549 explicationem,
1899 3489 2068 3550 quae
2102 3489 2218 3530 nec
2248 3477 2446 3549 caput
2472 3488 2589 3530 nec
2612 3468 2842 3549 pedem

700 3591 934 3670 habet,
982 3593 1278 3656 consulto
1327 3594 1474 3656 inde
1518 3595 1865 3675 effingens:

1067 3783 1158 3842 ὅτι
1203 3781 1237 3853 ἡ
1286 3783 1517 3866 τριήρης
1565 3782 1624 3842 τ’
1678 3780 1809 3844 ἐστὶ
1841 3782 1941 3861 χώ
1984 3785 2135 3844 κύων
2182 3786 2377 3863 ταχύ.

831 3906 1023 3968 Dem.
1073 3912 1192 3977 πῶς
1239 3903 1337 3968 οὖν
1383 3904 1640 3987 ἀλώπηξ
1690 3906 2003 3992 προσετέθη
2052 3909 2189 3993 πρὸς
2235 3915 2321 3987 τῷ
2366 3913 2527 3985 κυνί,

830 4033 978 4095 Bot.
1069 4030 1443 4096 ἀλωπεκίοισι
1489 4035 1627 4104 τούς
1675 4037 2061 4120 στρατιώτας
2108 4038 2350 4115 ᾔκασεν,

1067 4160 1194 4237 ὁτιὴ
1243 4159 1464 4246 βότρυς
1514 4162 1845 4247 τρώγουσιν
1892 4163 1953 4224 ἐν
1998 4167 2123 4232 ’τοῖς
2166 4166 2425 4247 χωρίοις.

782 4348 1047 4410 Talibus
1086 4347 1322 4411 scilicet
1353 4350 1538 4430 nugis
1579 4349 1882 4412 ductatur
1904 4350 2282 4412 silicernium
2312 4361 2528 4414 mente
2552 4362 2837 4433 captum.
2876 4416 2880 4420 ,
