3317 5134
1629 451 1713 512 34

600 643 752 708 Sine
817 643 1015 706 dubio
1085 651 1282 725 poeta
1327 641 1429 704 hic
1475 643 1798 704 cornicem
1846 641 2004 720 vult,
2052 641 2310 724 qualem
2376 643 2559 724 pueri
2604 662 2753 723 cap-

599 781 745 835 tant
791 790 867 834 ac
913 771 1262 833 decurtatis
1308 769 1534 850 pennis
1579 769 1757 830 domi
1807 768 1989 830 alunt
2037 778 2107 832 ut
2153 769 2329 850 loqui
2374 769 2592 830 discat.

688 974 761 1034 In
809 972 1098 1054 episodio
1147 970 1252 1032 illo
1297 972 1426 1032 iam
1469 970 1730 1051 saepius
1776 979 2319 1041 commemoratO,
2369 970 2478 1030 ubi
2533 989 2751 1050 super-

597 1099 881 1160 stitiosos
928 1098 1025 1159 sui
1081 1097 1390 1179 temporis
1439 1095 1733 1158 homines
1780 1106 1846 1160 et
1890 1106 2095 1160 artem
2142 1103 2261 1159 τῶν
2306 1101 2754 1182 χρησμολόγων

596 1225 975 1288 facetissime
1042 1225 1288 1286 deridet
1351 1225 1673 1301 comicuS‚
1721 1245 1816 1286 vs,
1874 1242 2041 1288 1020
2096 1245 2134 1286 a
2194 1225 2433 1288 Cleone
2491 1225 2749 1287 dicitur:

597 1351 780 1430 „Nisi
825 1370 1051 1412 canem
1099 1349 1356 1412 fidelem
1404 1360 1592 1412 tuum
1637 1359 2007 1412 servaturus
2054 1371 2155 1428 eS,
2208 1348 2563 1423 ἀπολεῖται,

864 1477 1074 1538 πολλοὶ
1113 1473 1241 1560 γαρ
1287 1479 1448 1554 μίσει
1497 1472 1619 1554 σφε
1666 1472 2120 1560 κατακρώζουσι
2166 1481 2395 1539 κολοιοί.

597 1615 829 1696 „Multi
873 1617 1043 1678 enim
1092 1625 1318 1678 contra
1367 1635 1516 1677 eum
1562 1617 1878 1677 crocitant
1939 1616 2179 1696 graculi
2238 1616 2386 1679 odio
2449 1617 2749 1679 incensi.’'

683 1741 1012 1804 Botulario
1057 1740 1252 1822 paulo
1299 1749 1451 1822 post
1497 1749 1906 1802 asseverante
1963 1761 2111 1802 eum
2159 1741 2566 1803 vinciendum
2614 1763 2753 1803 esse

597 1869 658 1930 ἐν
745 1871 1200 1952 πεντεσυρίγγῳ
1283 1867 1481 1946 ξύλῳ,
1562 1867 1625 1927 in
1711 1866 1885 1948 ligno
1972 1869 2254 1948 quinque
2335 1869 2751 1930 foraminibus

595 2003 894 2074 pertUSO‚
943 1991 1276 2074 Paphlago
1324 2013 1453 2055 non
1499 1993 1840 2056 deterritus
1886 1995 2129 2075 pergit:
2177 1993 2299 2080 (vs,
2360 1993 2553 2080 1051)

773 2131 861 2210 μὴ
908 2127 1121 2192 πείθου·
1167 2127 1454 2215 φθονεραὶ
1493 2129 1623 2215 γοὶρ
1674 2128 2046 2216 ἐπικρώζουσι
2090 2136 2355 2217 κορῶναι.

775 2255 920 2320 ἀλλ’
968 2259 1179 2343 ἱέρακα
1228 2255 1430 2337 φίλει,
1481 2259 1869 2337 μεμνημένος
1918 2256 1978 2319 ἐν
2022 2254 2233 2342 φρεσὶν
2278 2263 2354 2329 ὥς
2400 2280 2486 2320 σοι

774 2388 990 2462 ἤγαγε
1037 2385 1332 2460 συνδήσας
1382 2380 1892 2462 Λακεδαιμονίων
1937 2389 2292 2469 κορακίνους.

597 2534 851 2596 Alludit
900 2535 1202 2595 nimirum
1249 2534 1332 2595 ad
1379 2535 1935 2614 expugnationem
1982 2533 2413 2616 Sphacteriae.

684 2659 838 2741 Lys.
889 2680 984 2723 vs,
1037 2659 1170 2738 694
1216 2657 1448 2720 chorus
1497 2657 1836 2720 mulierum
1884 2661 2180 2721 conviciis
2222 2680 2449 2721 senum
2491 2680 2752 2722 exacer-

594 2785 788 2847 batus
837 2786 1152 2846 minatur:

773 2926 848 2993 ὡς
896 2924 952 2984 εἰ
990 2923 1099 2984 καὶ
1142 2924 1321 3002 μόνον
1367 2925 1565 2992 κακῶς
1610 2922 1681 3000 μ’
1734 2919 1909 2998 ἐρεῖς,
1963 2922 2278 3006 ὑπερχολῶ
2324 2921 2483 3007 γαρ,

774 3048 955 3113 ἀετὸν
1000 3052 1290 3112 τίκτοντα
1337 3045 1628 3133 κάνθαρός
1675 3068 1740 3108 σε
1789 3049 2183 3136 μαιεύσομαι.

595 3189 928 3254 Sententia
962 3187 1152 3250 huius
1189 3187 1528 3249 locutionis
1568 3186 1927 3268 explicatur
1976 3187 2155 3248 Pacis
2211 3208 2399 3250 versu
2456 3204 2577 3268 129
2622 3209 2747 3268 sq.:

773 3333 834 3389 ἑν
881 3332 1065 3388 τοῖσιν
1111 3325 1401 3388 Αἰσώπου
1447 3329 1652 3403 λόγοις
1704 3323 1977 3409 ἐξηυρέθη
2026 3323 2436 3410 (scarabaeus
2484 3327 2643 3409 scil.)

772 3455 951 3532 μόνος
997 3456 1264 3536 πετηνῶν
1311 3450 1370 3522 ἐς
1417 3448 1576 3522 θεοὺς
1621 3447 1992 3530 ἀφιγμένος.
2535 3444 2540 3450 ’

773 3575 947 3655 ἦλθεν
991 3578 1136 3640 κατ’
1187 3575 1418 3662 ἔχθραν
1467 3573 1653 3639 ἀετοῦ
1700 3576 1897 3638 παλαι
1941 3576 2119 3649 ποτέ,

773 3702 837 3782 ᾤ’
889 3702 1237 3765 ἐκκυλίνδων
1281 3699 1919 3786 κάντιτιμωρούμενος.

686 3903 930 3968 Seriem
1015 3902 1541 3986 metaphorarum
1628 3922 1715 3964 ex
1797 3903 2014 3963 avium
2098 3923 2333 3983 genere
2400 3906 2752 3986 petitarum

504 4031 512 4041 '
599 4032 982 4094 concludam
1029 4032 1392 4111 fragmento
1439 4045 1563 4108 94,
1611 4027 1790 4109 quod
1835 4026 1995 4090 haec
2038 4031 2235 4092 verba
2280 4033 2596 4094 eontinet:

783 4165 976 4248 ὀσφῦν
1022 4169 1074 4230 δ’
1126 4167 1196 4248 ἐξ
1245 4169 1441 4252 ἄκρων
1487 4167 1895 4244 διακίγκλισον
1942 4165 2083 4244 ἠύτε
2128 4172 2375 4246 κίγκλος

780 4291 990 4381 ἀνδρὸς
1035 4293 1394 4380 πρεσβύτου·
1441 4293 1635 4356 τελέει
1659 4290 1740 4376 (Ρ)
1786 4290 1839 4353 δ’
1885 4290 2128 4370 ἀγαθὴν
2175 4292 2466 4372 ἐπαοιδήν.
