3317 5134
1631 497 1714 559 92

595 692 786 754 Dion.
857 695 1072 764 κόκκυ,
1125 687 1390 770 μέθεσθε·
1439 692 1546 752 καὶ
1591 693 1741 753 πολύ
1786 712 1866 768 γε
1912 688 2233 772 κατωτέρω

860 811 1060 888 χωρεῖ
1094 804 1164 866 τὸ
1210 804 1403 865 τοῦδε.

591 929 932 1012 Euripides
995 938 1218 992 autem
1284 948 1510 1010 aspere
1569 938 1800 1009 rogat:
1854 930 1957 990 καὶ
2017 931 2081 988 τί
2129 925 2263 989 ποτ’
2313 929 2443 988 ἐστὶ
2476 927 2741 998 ταῖτιον,

595 1057 696 1118 cui
744 1056 1077 1136 Dionysus
1121 1053 1504 1136 respondet:

860 1182 951 1243 ὅτι
998 1177 1252 1256 εἰσέθηκε
1301 1179 1614 1259 ποταμὸν,
1661 1178 2038 1264 ἐριοπωλικῶς

857 1294 1038 1379 ὑγρὸν
1082 1295 1329 1370 ποιήσας
1377 1296 1590 1363 τοῦπος
1634 1297 1825 1377 ὥσπερ
1870 1293 2089 1376 τᾶρια,

858 1408 930 1469 σι)
977 1408 1029 1468 δ’
1081 1405 1381 1483 εἰσέθηκας
1429 1409 1643 1476 τοῦπος
1689 1405 2117 1490 ἐπτερωμένον.

589 1553 848 1595 versum
911 1532 1282 1610 madefecit,
1344 1531 1898 1615 quemadmodum
1944 1531 1983 1592 ii
2033 1532 2140 1612 qui
2188 1530 2403 1591 lanam
2450 1528 2738 1614 vendunt

592 1657 796 1719 facere
841 1657 1050 1720 solent
1096 1667 1168 1720 ut
1197 1657 1469 1742 pondus
1516 1657 1723 1718 maius
1771 1655 2064 1718 reddant.

769 2009 1412 2074 METAPHORAE
1470 2009 1865 2074 PETITAE
1931 1977 2056 2074 EX
2106 2007 2563 2073 ARTIFICIO

1381 2132 1935 2200 PISCATORIO.
1994 2176 1999 2181 -

681 2322 933 2386 Eodem
996 2323 1192 2385 modo
1233 2343 1335 2386 ·ac
1398 2343 1516 2385 nos
1575 2323 1657 2385 de
1718 2323 1978 2387 homine
2037 2343 2337 2404 perverso
2384 2324 2494 2405 qui
2542 2322 2744 2385 fallaci

596 2447 794 2510 modo
869 2450 1087 2510 omnia
1154 2448 1491 2530 perturbat
1558 2458 1630 2512 ut
1698 2450 1834 2531 ipse
1896 2450 2143 2511 lucrum
2212 2450 2429 2525 faciat,
2502 2450 2745 2530 tropice

592 2573 896 2636 dicimus:
964 2572 1072 2655 luy
1107 2571 1323 2636 viselat
1367 2573 1436 2636 in
1479 2571 1722 2635 troebel
1758 2582 1984 2652 water,
2031 2573 2155 2656 Eq.
2204 2596 2297 2636 vs,
2348 2574 2477 2652 864
2522 2573 2744 2638 Cleoni

599 2698 927 2762 obiicitur:

767 2825 904 2908 ὅπερ
950 2821 1080 2906 γάρ
1126 2825 1181 2886 οἱ
1225 2822 1341 2893 τοὶς
1391 2822 1681 2902 ἐγχέλεις
1728 2820 2043 2908 θηρώμενοι
2089 2820 2397 2893 πέπονθας.

771 2937 922 2997 ὅταν
968 2935 1084 3013 μὲν
1129 2937 1162 3011 ἡ
1212 2939 1394 3014 λίμνη
1442 2939 1767 3015 καταστῇ,
1816 2934 2239 3016 λαμβάνουσιν
2276 2935 2474 3009 οὐδὲν,

773 3047 880 3112 έοὶν
926 3048 979 3110 δ’
1030 3049 1152 3110 ἄνω
1198 3072 1268 3112 τε
1314 3051 1422 3112 καὶ
1461 3048 1633 3111 κάτω
1681 3048 1784 3112 τὸν
1832 3047 2119 3134 βόρβορον
2164 3054 2443 3122 κυκῶσιν,

769 3163 1010 3247 αἱροῦσι·
1057 3164 1165 3223 καὶ
1205 3161 1277 3223 σι)
1329 3161 1714 3243 λαμβάνεις,
1766 3160 1834 3237 ἢν
1877 3161 1986 3233 τὴν
2036 3165 2202 3224 πόλιν
2246 3163 2584 3247 ταράττης.

677 3289 794 3350 Vs.
861 3303 988 3367 312
1050 3286 1220 3349 idem
1280 3286 1480 3352 Cleon
1533 3286 1748 3349 denuo
1795 3286 2206 3367 obiurgatur:
2256 3296 2463 3350 totam
2516 3289 2743 3351 urbem

598 3413 957 3494 pervertisti

769 3534 888 3600 ἀπὸ
933 3536 1052 3599 τῶν
1101 3541 1330 3622 πετρῶν
1373 3535 1591 3599 ἄνωθεν
1637 3537 1775 3607 τοὺς
1824 3533 2040 3620 φόρους
2085 3533 2495 3601 θυννοσκοπῶν.

587 3662 926 3743 vectigalia
984 3661 1323 3742 speculans
1384 3661 1580 3726 veluti
1642 3662 1993 3742 piscatores
2055 3682 2091 3724 e
2144 3664 2410 3744 scopulo
2458 3664 2743 3746 thynnos

594 3786 1015 3867 prospiciunt.

678 3964 874 4041 Vesp.
920 3980 1013 4022 VS.
1078 3962 1242 4038 1087
1299 3981 1338 4022 a
1384 3961 1709 4024 veteribus
1753 3960 1869 4023 illis
1914 3960 2549 4025 Marathonomachis
2597 3984 2739 4028 nar-

581 4097 801 4152 ratur:
851 4086 914 4147 in
961 4083 1372 4148 Marathonia
1418 4105 1640 4166 pugna
1704 4085 2013 4148 barbaros

947 4207 1308 4288 εἱπόμεσθα,
1357 4207 1742 4290 θυννάζοντες
1790 4208 1847 4280 ἐς
1893 4209 2031 4280 τούς
2075 4207 2384 4282 θυλάκους.

591 4348 927 4418 tamquam
966 4334 1318 4416 piscatores
1357 4332 1755 4414 thynnorum
1793 4354 1907 4396 eos
1944 4334 2007 4395 in
2043 4334 2305 4398 braccas
2352 4348 2737 4418 pungentes,
