3317 5134
1648 461 1733 526 62

714 676 839 758 Eq.
886 696 977 738 VS.
1029 676 1161 755 780
1234 673 1589 737 botularius
1634 673 1977 736 adversarii
2022 674 2308 736 fallacem
2356 674 2775 738 ambitionem

630 803 728 866 his
777 803 990 866 verbis
1035 811 1329 864 accusat:
1379 799 1756 883 „Paphlago
1802 810 1869 864 te
1915 811 2126 878 amat,
2176 802 2417 878 Deme,

723 927 868 991 ἀλλ’
921 927 953 1005 ἢ
1001 927 1098 991 διοὶ
1148 925 1314 991 τοῦτ’
1365 925 1518 1000 αὕθ’,
1557 929 1686 1004 ὅτιν’)
1748 949 1851 989 σου
1897 931 2005 1003 τῆς
2053 924 2375 1012 ἀνθρακιᾶς
2423 924 2777 989 ἀπολαύει.”

635 1081 811 1162 quod
854 1081 982 1145 tuis
1029 1078 1416 1142 carbonibus
1463 1079 1823 1161 perfruitur.

723 1209 920 1290 Vesp.
969 1227 1063 1269 vs,
1113 1221 1241 1286 227
1289 1205 1596 1271 heliastae
1642 1225 1880 1286 vespae

989 1333 1210 1409 πηδῶσι
1256 1335 1364 1394 καῖ
1407 1329 1741 1412 βάλλουσιν
1786 1333 1977 1415 ὥσπερ
2026 1328 2321 1409 φέψαλοι,

631 1512 865 1574 saliunt
931 1530 1010 1572 ac
1075 1509 1312 1572 iaciunt
1371 1508 1534 1571 sicut
1595 1505 1921 1569 scintillae.

723 1639 868 1699 Pac.
917 1655 1006 1697 vs,
1056 1634 1188 1715 609
1233 1642 1428 1715 poeta
1473 1653 1681 1714 aeque
1726 1630 1989 1694 ridiculo
2037 1640 2104 1693 et
2150 1630 2430 1692 absurdo
2471 1629 2667 1690 modo
2708 1648 2784 1690 ac

637 1763 808 1826 Ach.
871 1783 964 1824 VS.
1021 1760 1147 1840 526
1205 1760 1514 1842 explanat
1572 1779 1707 1840 quo
1771 1759 1968 1820 modo
2030 1757 2269 1819 bellum
2333 1765 2635 1818 exortum
2683 1756 2784 1816 sit.

638 1889 892 1968 „Prima
939 1887 1055 1949 fuit
1099 1907 1293 1949 causa
1349 1885 1602 1948 Phidias
1654 1885 1923 1948 adversa
1980 1885 2233 1948 fortuna
2288 1905 2471 1960 usuS,
2518 1883 2786 1945 Pericles

638 2024 857 2092 autem
905 2021 1201 2074 metuens
1248 2032 1329 2074 ne
1377 2012 1513 2093 ipse
1560 2011 1801 2092 aliquid
1850 2011 1998 2074 mali
2044 2011 2394 2092 acciperet,

1905 2186 2205 2267 ἐξέφλεξε
2251 2188 2361 2266 τὴν
2405 2190 2603 2258 πόλιν,

819 2315 1114 2398 ἐμβαλὼν
1160 2313 1440 2401 σπινθῆρα
1489 2314 1696 2399 μικρὸν
1744 2311 2122 2398 Μεγαρικοῦ
2166 2310 2607 2392 ψηφίσματος,

817 2440 1240 2523 καέεφύσησεν
1287 2442 1566 2503 τοσοῦτον
1612 2443 1876 2518 πόλεμον
1922 2442 2077 2500 ὥστε
2124 2443 2211 2516 τῷ
2256 2442 2461 2515 καπνῷ

822 2569 1062 2639 πάντας
1097 2565 1417 2643 ’Έλληνας
1440 2568 1751 2652 δακρῦσαι,
1776 2568 1914 2636 τούς
1936 2566 1997 2628 τ’
2024 2564 2157 2628 ἐκεῖ
2181 2569 2316 2636 τούς
2341 2565 2401 2627 τ’
2430 2562 2652 2627 ἐνθάδε.

819 2699 896 2766 ὡς
939 2693 992 2758 δ’
1043 2694 1221 2772 ἅπαξ·
1268 2694 1336 2756 τὸ
1385 2699 1611 2778 πρῶτον
1657 2692 1864 2758 &novo-⁹
1914 2691 2221 2773 ἐψόφησεν
2266 2696 2543 2772 ἄμπελος

819 2824 927 2884 καί
975 2818 1132 2891 πίθος
1177 2821 1435 2898 πληγεὶς
1479 2820 1578 2882 ὑπ’
1628 2817 1812 2905 ὀργῆς
1859 2817 2297 2883 ἀντελάκτισεν
2345 2819 2521 2897 πίθῳ,

818 2944 1012 3012 οὐκέτ’
1061 2944 1129 3024 ἧν
1174 2946 1357 3016 οὐδεὶς
1404 2948 1436 3008 ὁ
1480 2948 1759 3018 παύσων,
1808 2947 1909 3023 ἥδε
1959 2944 2012 3007 δ’
2063 2943 2419 3028 ἠφανίζετο.

639 3197 917 3259 Primam
988 3195 1284 3258 festivam
1354 3196 1704 3276 imaginem
1771 3196 2210 3278 unusquisque
2260 3197 2590 3278 intellegit.
2640 3198 2791 3260 Non

640 3323 775 3383 sine
880 3322 1005 3383 risu
1112 3321 1415 3383 Periclem
1512 3322 1805 3383 videmus
1907 3323 2243 3385 scintillam
2345 3325 2407 3385 in
2503 3324 2791 3387 fomitem

639 3448 1023 3511 iniicientem
1093 3468 1169 3510 ac
1237 3449 1452 3528 ignem
1522 3447 1756 3510 inflatis
1818 3450 1998 3529 genis
2060 3451 2149 3512 ita
2197 3449 2610 3514 vehementer
2655 3472 2794 3514 sus-

639 3575 946 3637 citantem
996 3582 1068 3635 ut
1114 3573 1326 3635 fumus
1373 3573 1644 3635 acerbus
1686 3574 2027 3656 unicuique
2064 3575 2355 3638 lacrimas
2382 3586 2788 3659 extorqueat.

640 3701 953 3765 Postremi
1000 3709 1220 3762 autem
1268 3719 1489 3761 versus
1534 3698 1931 3780 significant:
1981 3701 2075 3772 Ut
2118 3703 2398 3782 primurn
2439 3703 2792 3766 tumultum

641 3824 886 3888 audivit
949 3826 1127 3907 vitis,
1190 3827 1330 3907 ipsa
1374 3845 1638 3908 quoque
1683 3846 1943 3908 crepare
1988 3829 2233 3908 coepit,
2283 3828 2526 3891 dolium
2573 3840 2793 3893 autem

641 3972 1015 4033 percussum
1065 3953 1154 4014 ira
1200 3953 1530 4022 incensum
1578 3953 1758 4015 alteri
1804 3954 2224 4017 recalcitravit
2287 3967 2352 4018 et
2399 3976 2591 4017 nemo
2636 3967 2793 4034 erat,

638 4081 749 4161 qui
795 4079 1147 4142 tumultum
1197 4078 1469 4156 sedaret,
1510 4077 1748 4142 haecce
1788 4088 2008 4141 autem
2035 4078 2297 4164 (nempe
2322 4077 2483 4166 pax)
2509 4084 2790 4145 evanuit.

644 4207 850 4289 Apud
900 4206 1202 4287 antiquos
1242 4204 1561 4267 doliorum
1615 4204 1837 4267 infima
1892 4225 2061 4286 parS,
2120 4226 2288 4286 quae
2332 4216 2470 4270 erat
2510 4208 2797 4290 oblonga

641 4340 709 4395 et
769 4341 994 4408 acuta,
1059 4331 1198 4394 solo
1261 4331 1495 4394 infossa
1557 4341 1717 4395 erat.
1773 4330 1841 4393 Si
1884 4331 2028 4411 quis
2072 4340 2293 4393 autem
2341 4334 2448 4395 uni
2493 4334 2794 4414 illideret,
