3317 5134
1658 485 1739 544 28

727 694 901 756 Nub.
991 714 1084 755 vs,
1189 711 1356 773 1424
1439 695 1602 774 frugi
1694 693 1857 755 filius
1943 693 2351 775 Phidippides
2446 693 2778 754 ridiculum

637 808 1009 889 exemplum
1077 808 1190 871 dat
1256 808 1575 870 bonorum
1641 817 2167 888 praeceptorum,
2217 828 2383 888 quae
2430 829 2468 869 a
2511 805 2778 869 Socrate

638 936 903 1014 accepit.
951 934 1280 997 Praedicat
1326 936 1528 996 enim:
1577 934 1857 1013 „Nonne
1905 933 2059 995 mihi
2104 933 2252 997 licet

812 1121 993 1185 θεῖναι
1038 1126 1217 1203 νόμον
1263 1130 1385 1195 τοῖς
1431 1125 1606 1186 υἱέσιν
1650 1124 1788 1194 τους
1830 1125 2102 1208 πατέρας
2148 1121 2571 1196 ἀντιτύπτειν;

730 1300 983 1382 Nempe

819 1477 1043 1555 σκέψαι
1075 1475 1138 1537 δὲ
1178 1475 1315 1545 τούς
1353 1473 1757 1560 ἀλεκτρυόνας
1795 1479 1902 1538 καὶ
1939 1477 2150 1538 τόὶλλα
2178 1474 2263 1537 τοὶ
2288 1474 2452 1557 βοτοὶ
2476 1477 2694 1546 ταυτὶ,

821 1603 895 1670 ὡς
941 1600 1079 1672 τοὺς
1127 1602 1398 1686 πατέρας
1445 1598 1815 1681 ἀμύνεται.”

733 1791 982 1851 Notum
1029 1799 1126 1852 est
1172 1789 1478 1871 pleraque
1525 1789 1858 1868 animalia,
1919 1811 2067 1852 cum
2116 1790 2314 1852 semel
2360 1790 2783 1866 adoleverint,

645 1925 942 1996 parentes
1011 1936 1162 1976 suos
1230 1935 1358 1977 non
1429 1916 1704 1997 amplius
1773 1937 2155 1997 agnoscere,
2222 1937 2431 1998 neque
2491 1926 2787 1997 parentes

645 2040 896 2102 liberos
949 2039 1115 2100 Fieri
1161 2040 1353 2121 igitur
1397 2050 1613 2121 potest
1662 2050 1733 2103 ut
1775 2039 1939 2102 filius
1986 2050 2237 2121 patrem
2287 2040 2450 2102 male
2486 2003 2741 2102 mulcet.

737 2167 903 2228 Vide
965 2186 1226 2247 quoque
1288 2168 1417 2228 Av.
1467 2187 1558 2228 vs,
1618 2181 1818 2246 1337,
1869 2166 1978 2227 ubi
2023 2166 2229 2248 lepide
2274 2166 2437 2228 filius
2484 2167 2792 2248 parricida

545 2287 552 2297 ’
647 2293 1102 2370 introducitur,
1164 2294 1274 2374 qui
1334 2293 1469 2354 avis
1528 2291 1662 2354 fieri
1717 2292 1855 2355 vult
1899 2293 2042 2354 ideo
2091 2302 2163 2354 ut
2209 2303 2460 2374 patrem
2507 2294 2793 2355 occidere

650 2421 872 2502 possit.

741 2673 951 2752 „Cum
1000 2683 1128 2734 tres
1174 2693 1498 2752 squamaS,
1547 2694 1711 2754 quas
1749 2673 1942 2735 fallax
1979 2673 2224 2755 collega
2251 2673 2402 2734 mihi
2437 2695 2552 2754 pro
2592 2673 2796 2735 obolis

650 2800 944 2876 dederat,
1016 2795 1480 2879 exspuerem''‚
1551 2796 1912 2861 Philocleon
1976 2810 2189 2863 narrat
2249 2801 2451 2881 Vesp.
2508 2821 2603 2862 vs,
2666 2815 2797 2880 794

652 2946 771 3004 „ac
817 2945 965 2986 eum
1015 2925 1076 2985 in
1124 2925 1221 2986 ius
1266 2923 1514 2986 trahere
1557 2925 1821 3002 vellem,

917 3098 1313 3186 ἀλεπτρυόνος
1359 3101 1429 3181 μ’
1479 3097 1715 3180 ἔφασκε
1760 3105 1988 3164 κοιλίαν
2034 3105 2218 3182 ἔχειν·

921 3229 1097 3308 ταχύ
1143 3231 1292 3307 γοῦν
1335 3226 1615 3307 καθέψεις
1663 3225 2003 3314 τάργύριον,
2053 3225 2086 3305 ἦ
2131 3229 2183 3290 δ’
2234 3228 2294 3299 ὂς
2340 3235 2560 3306 γελῶν.

743 3420 997 3483 Eodem
1037 3440 1226 3481 sensu
1262 3439 1378 3480 nos
1402 3419 1703 3480 dicitnus:
1745 3417 2040 3499 ltg'jlceest
2058 3438 2167 3480 een
2190 3417 2799 3499 struz'svogelmaag.

701 3672 866 3737 Cum
914 3674 976 3734 in
1025 3672 1146 3734 fab.
1200 3671 1564 3752 Vesparum
1611 3690 1834 3732 servus
1879 3691 2097 3733 senem
2146 3671 2580 3734 exsultantem
2628 3691 2804 3733 com-

658 3821 915 3883 pescere
959 3810 1261 3877 conatur,
1313 3799 1415 3860 hic
1459 3797 1738 3860 minatur
1783 3820 1877 3862 vs,
1937 3816 2135 3879 1490:

1102 3981 1348 4056 πτήσσει
1394 3977 1705 4062 Φρύνιχος·
1738 3980 1814 4047 ὥς
1861 3999 1952 4047 τις
1997 3973 2295 4061 ἀλέκτωρ.

751 4172 864 4235 Ad
909 4170 1069 4233 haec
1116 4168 1462 4232 scholiasta
1508 4174 1818 4229 annotat:

749 4349 1039 4432 παροιμία
1104 4343 1199 4406 ἐπὶ
1242 4349 1360 4405 τῶν
1404 4345 1587 4404 κακόν
1632 4364 1693 4403 τι
1740 4343 2123 4418 πασχόντων,
2184 4335 2301 4400 ἀπὸ
2351 4337 2652 4423 Φρυνίχου
2702 4339 2811 4398 τοῦ
