3317 5134
1776 437 1860 500 80

714 647 824 711 Ex
868 650 1038 710 bona
1085 649 1383 726 materia,
1426 668 1623 728 quam
1673 648 1997 710 Homerus
2046 650 2101 710 ei
2151 649 2520 730 praebuerit
2558 670 2626 711 se
2678 650 2859 730 signa

712 795 975 837 suorum
1023 774 1293 837 heroum
1342 773 1605 836 finxisse
1653 774 2025 854 Aeschylus
2072 774 2370 837 affirmat.

801 903 966 964 Ran.
1007 923 1100 964 VS.
1133 915 1163 981 5
1175 901 1258 980 36
1302 901 1535 963 chorus
1575 921 1832 962 servum
1858 910 2169 977 astutum,
2199 903 2309 982 qui
2335 901 2562 963 callide
2587 903 2861 982 tempori

711 1030 936 1104 servit,
986 1028 1082 1089 his
1128 1027 1341 1089 verbis
1387 1027 1648 1090 laudat:
1698 1027 1833 1090 Viri
1880 1027 2210 1108 prudentis
2256 1035 2354 1090 est

1155 1154 1612 1232 μετακυλίνδειν
1658 1153 1844 1216 αὑτὸν
1889 1150 1987 1214 ἀεὶ

1155 1279 1292 1364 πρὸς
1339 1279 1442 1341 τὸν
1489 1276 1554 1340 εὖ
1599 1280 1954 1364 πράττοντα
2005 1284 2247 1358 τοῖχον,

1152 1407 1396 1484 μᾶλλον
1436 1403 1469 1480 ἢ
1521 1406 1975 1490 γεγραμμένην

1155 1529 1324 1593 εἰκόν’
1375 1528 1937 1611 ἑστάναι,λαβο’νθ’
1985 1529 2046 1592 ἓν

1153 1661 1402 1736 σκῆμα·

711 1803 918 1876 τοῖχος
985 1796 1107 1858 hoc
1173 1797 1316 1858 loco
1385 1795 1701 1876 significat
1768 1795 1938 1857 latus
2003 1796 2217 1873 navis;
2281 1794 2363 1856 ad
2434 1796 2583 1857 illud
2654 1796 2858 1872 latuS‚

711 1923 884 2005 quod
913 1943 1038 1984 non
1063 1924 1124 1984 in
1150 1922 1430 2004 periculo
1455 1932 1746 1985 versatur
1768 1943 1837 1984 se
1859 1931 2233 1985 convertere
2251 1931 2508 2003 oportet
2530 1921 2859 1984 hominem

711 2051 1094 2131 prudentem
1141 2068 1350 2130 neque
1393 2057 1729 2129 tamquam
1768 2050 2007 2130 pictam
2051 2048 2418 2128 imaginem,
2460 2047 2861 2110 immobilem

701 2193 988 2244 ,manere-

801 2351 934 2412 Av.
975 2370 1068 2412 vs,
1121 2366 1188 2412 11
1209 2366 1282 2428 13
1325 2369 1477 2410 aves
1507 2369 1576 2410 se
1601 2349 1837 2410 iudices
1861 2359 2324 2411 concacaturos
2350 2369 2489 2410 esse
2516 2349 2854 2425 minantur,

699 2461 826 2538 'nisi
895 2477 1180 2558 praemio
1247 2495 1318 2536 se
1383 2475 1614 2555 dignos
1676 2494 1815 2535 esse
1880 2473 2327 2550 iudicaverint,
2400 2475 2673 2555 ideoque
2746 2475 2860 2535 illis

709 2603 982 2664 suadent
1025 2603 1274 2664 lunulas
1320 2601 1437 2662 sibi
1482 2601 1801 2663 faciendas
1838 2620 2091 2677 curare,
2138 2600 2360 2680 quales
2386 2601 2566 2681 signa
2595 2610 2859 2681 gerant:

800 2727 909 2803 ,βῆν
955 2729 1022 2789 δέ
1065 2729 1152 2806 μὴ
1197 2731 1461 2812 κρίνητε,
1509 2724 1883 2805 χαλκεύεσθε
1932 2731 2248 2805 μηνίσκους
2302 2723 2502 2810 φορεῖν

798 2855 988 2936 ὥσπερ
1035 2848 1403 2937 ἀνδριάντες·
1451 2853 1526 2921 ὡς
1573 2852 1740 2930 ὑμῶν
1787 2850 1846 2920 ὂς
1893 2850 1969 2912 ἀν
2016 2852 2105 2930 μὴ
2156 2853 2295 2931 μῆν’
2348 2854 2506 2931 ἔχη,

798 2981 946 3041 ὅταν
993 2980 1184 3057 ἔχητε
1224 2967 1497 3056 χλανίδα
1542 2977 1790 3053 λευκὴν,
1841 2979 1982 3038 τότε
2030 2976 2278 3055 μάλισθ’
2328 2979 2481 3041 οὕτω
2527 2980 2688 3054 δίκην

798 3101 996 3165 δώσεθ’
1045 3105 1217 3180 ἡμῖν,
1267 3104 1413 3163 πᾶσι
1458 3106 1581 3171 τοῖς
1627 3104 1797 3185 ὄρνισι
1840 3102 2348 3180 κατατιλώμενοι.

708 3229 1050 3291 scholiasta
1115 3237 1384 3290 annotat
1463 3227 1656 3288 haec:
1742 3230 2090 3306 μηνίσκουςε
2179 3228 2631 3308 σκεπάσματα,
2706 3231 2858 3315 ἅπερ

711 3353 1030 3418 ἐπιτιθέασι
1068 3361 1205 3425 ταῖς
1243 3351 1552 3432 κεφαλαῖς
1591 3358 1709 3415 τῶν
1749 3350 2113 3437 ἀνδριάντων
2155 3354 2253 3415 διά
2292 3355 2361 3416 τὸ
2408 3355 2495 3433 μη
2521 3354 2858 3418 ἀποπατεῖν

707 3483 851 3544 κατ’
907 3481 1128 3543 αὐτῶν.

1593 3667 1971 3678 ————

765 3870 1409 3936 METAPHORAE
1459 3870 2076 3934 DEPROMPTAE
2126 3869 2250 3934 EX
2296 3871 2635 3937 STADIO
2682 3873 2801 3936 ET

1476 3982 2084 4046 HIPPODROMO.

796 4191 992 4268 Vesp.
1063 4208 1156 4249 vs·
1210 4188 1332 4265 548
1395 4206 1595 4247 senex
1657 4195 1863 4248 semet
1910 4186 2120 4266 ipsum
2186 4207 2259 4248 ac
2320 4186 2599 4267 collegas
2645 4186 2855 4248 defen-

709 4336 928 4389 suruS,
977 4315 1335 4375 orationem
1383 4333 1568 4372 suam
1616 4313 1703 4373 ita
1753 4312 2003 4392 incipit:
