3317 5134
1635 465 1724 544 64

706 679 776 738 In
825 677 1185 758 fragmento
1240 693 1362 754 114
1407 676 1640 756 legitur
1686 675 1844 737 hoc:

1001 781 1005 784 i
1151 803 1254 863 καὶ
1300 799 1705 883 διαστίλβονθ’
1753 804 1987 886 ὁρῶμεν.

1151 932 1342 1014 ὥσπερ
1390 927 1450 990 ἐν
1493 933 1675 1007 καινῷ
1729 932 2057 1008 λυχνούχῳ

1152 1055 1360 1132 πάντα
1406 1060 1512 1132 τῆς
1562 1055 1870 1134 ἐξωμίδος.

618 1184 814 1246 veluti
839 1185 900 1244 in
927 1203 1094 1244 nova
1120 1182 1396 1261 lucerna,
1424 1179 1640 1243 omnia
1666 1202 1781 1263 per
1804 1183 2087 1244 tunicam
2114 1182 2427 1263 pellucere
2454 1183 2765 1245 videmus,

709 1311 816 1372 Ex
860 1309 1222 1390 fragmento
1271 1323 1399 1388 274
1444 1318 1714 1389 apparet
1754 1307 2262 1389 Aristophanem
2304 1309 2532 1378 eodem
2574 1330 2763 1371 sensu

619 1458 694 1499 ac
733 1456 961 1498 vocem
1003 1431 1349 1514 λυχνοῦχος
1374 1455 1684 1515 usurpare
1706 1455 1970 1516 quoque
1994 1434 2413 1497 vocabulum:
2442 1436 2767 1514 λυχνιδίου.

619 1563 840 1626 Verba·
883 1571 1034 1624 sunt
1085 1561 1278 1624 haec:
1970 1645 1975 1650 ἱ

1709 1684 1905 1747 Ἀλλ’
1956 1690 2145 1771 ὥσπερ
2193 1689 2415 1766 λύχνος

1045 1817 1384 1893 ὁμοιότατοι
1432 1811 1743 1875 καθεύδετ’
1794 1811 1891 1875 ἐπὶ
1934 1811 2040 1875 τοῦ
2087 1814 2413 1892 λυχνιδίου.

623 1941 1006 2003 Dormiebat
1052 1941 1215 2003 sicut
1261 1940 1652 2022 ellychnium
1705 1948 1887 2002 natat
1934 1941 1993 2001 in
2037 1940 2313 2003 lucerna.

711 2180 1018 2244 Lucernis
1077 2178 1366 2241 demissis
1428 2180 1556 2240 iam
1610 2179 1948 2241 redeamus
1997 2181 2058 2242 in
2106 2179 2383 2242 culinam
2433 2189 2498 2241 et
2546 2167 2775 2260 aspiciss

624 2321 809 2371 amus
856 2305 1334 2387 supellectilem.

623 2407 821 2516 Vesp.
885 2453 980 2494 vs,
1053 2443 1215 2510 1153
1288 2451 1522 2506 senex,
1587 2439 1937 2512 postquam
2004 2431 2112 2492 diu
2177 2431 2561 2512 repugnavit
2617 2449 2783 2510 quo-

626 2562 836 2622 minus
897 2581 933 2620 a
997 2556 1126 2619 filio
1186 2554 1497 2617 beneficio
1557 2556 1904 2631 afficiatur,
1954 2557 2217 2619 tandem
2267 2558 2584 2637 patienter
2631 2556 2781 2615 sinit

625 2706 694 2747 se
740 2684 931 2766 pallio
989 2683 1189 2744 denso
1235 2702 1309 2743 ac
1358 2680 1529 2743 molli
1575 2682 1985 2758 circumdari,
2037 2660 2303 2762 querula
2350 2690 2567 2743 tamen
2614 2701 2776 2742 voce

624 2813 1018 2874 lamentans:
2786 2782 2798 2796 ⁶

938 2937 1093 3018 εἴπερ
1139 2933 1206 3011 γ’
1256 2929 1538 3010 ἀνάγκη,
1587 2931 1868 3017 κρίβανόν
1916 2929 1986 3010 μ’
2036 2929 2411 3012 ἀμπίσχετε.

627 3063 678 3123 si
724 3061 918 3140 igitur
963 3078 1223 3119 necesse
1267 3066 1400 3138 est,
1449 3057 1770 3118 fornacem
1822 3056 1973 3118 mihi
2022 3056 2282 3118 induite.

716 3186 895 3249 Bdel.
976 3181 1135 3269 Φέρ’,
1191 3181 1336 3244 ἀλλ’
1387 3181 1516 3261 ἐγώ
1563 3205 1629 3244 σε
1678 3183 2005 3267 περιβάλω·
2051 3184 2123 3244 σι)
2170 3182 2222 3244 δ’
2272 3180 2370 3245 οὖν
2418 3181 2506 3244 ἴθι.

628 3317 813 3396 Age,
863 3316 1000 3395 ipse
1060 3333 1184 3393 ego
1241 3321 1307 3374 te
1371 3313 1667 3374 amiciam
1686 3317 1703 3387 ';
1769 3320 1838 3373 tu
1915 3312 2108 3392 igitur
2169 3312 2293 3373 abi.
2362 3309 2583 3394 (servo
2652 3309 2777 3371 hoc

2451 3435 2777 3518 imperat.)

718 3563 855 3626 Phil
966 3560 1232 3647 παροέθου
1278 3585 1357 3638 γε
1405 3561 1612 3641 μέντοι
1657 3562 1765 3622 καὶ
1806 3561 2137 3647 κρεοέγραν.

629 3694 916 3773 Appone
960 3689 1188 3751 saltem
1233 3687 1541 3749 fuscinam
1588 3706 1869 3767 quoque.

2200 3811 2378 3874 Bdel.
2426 3813 2519 3890 τιὴ
2568 3818 2632 3875 τί
2673 3814 2777 3888 δή;

718 3942 874 4006 Phil.
969 3939 1037 4003 ἶν’
1087 3939 1295 4020 ἐξέλῃς
1345 3963 1425 4019 με
1474 3940 1604 4024 πρὶν
1650 3938 2064 4023 διερρυηκέναι.

630 4072 726 4134 Ut
771 4090 876 4131 me
921 4068 1170 4130 eximas
1215 4067 1587 4148 priusquam
1633 4063 1957 4146 liquefiam
2007 4074 2071 4126 et
2114 4064 2418 4127 diffluam.

721 4195 834 4258 Ad
902 4192 1239 4282 Sophoclis
1306 4201 1540 4274 poetae
1607 4191 1935 4253 clarissimi
2020 4211 2419 4270 cognomen:
2503 4193 2777 4271 μέλιττα

634 4332 851 4385 noster
894 4322 957 4383 in
1003 4321 1363 4401 fragmento
1412 4336 1530 4398 231
1586 4339 1645 4380 a.
1696 4317 1793 4379 his
1842 4318 2050 4379 verbis
2096 4317 2351 4380 alludit:
