3317 5134
1661 474 1750 534 44

632 673 747 733 nisi
796 669 1082 735 Achilles
1128 671 1246 733 sibi
1293 672 1530 733 mederi
1577 671 1751 735 velit.
1789 672 1941 759 ‚Hoc
1986 670 2343 753 episodium
2394 691 2433 732 a
2471 681 2692 732 nostro
2716 671 2777 732 in

629 796 857 859 fabulis
925 795 1434 859 Acharnensium
1495 819 1572 860 ac
1631 795 2445 879 Thesmophoriazusarum
2512 797 2575 858 in
2637 797 2780 858 ridi-

629 923 846 986 culum
915 923 1352 1004 detorquetur.
1426 925 1498 984 In
1561 922 1666 985 illa
1726 923 1946 985 fabula
2004 943 2122 1004 pro
2182 922 2421 984 infante
2467 919 2780 1003 cophinus

635 1052 1022 1114 substitutus
1070 1059 1200 1127 est,
1249 1051 1312 1111 in
1355 1048 1479 1111 hac
1523 1058 1747 1112 autem
1793 1058 1937 1110 uter
1980 1048 2278 1109 vinarius.

724 1175 894 1239 Ach.
957 1198 1050 1239 vs.
1121 1189 1250 1256 350
1316 1196 1472 1238 vero
1532 1174 1942 1256 Dicaeopolis
2004 1173 2283 1255 cophino
2350 1173 2455 1235 illo
2527 1173 2785 1235 feliciter

633 1314 890 1386 arrepto
959 1304 1238 1386 periculo
1303 1305 1526 1366 mortis
1587 1303 1925 1380 liberatus,
1986 1302 2253 1363 victoria
2310 1301 2551 1378 elatuS,
2602 1320 2785 1361 senes

637 1431 834 1492 modo
919 1432 1198 1492 minaces
1290 1450 1458 1491 nunc
1539 1429 1854 1491 demissos
1921 1429 2136 1490 animo
2205 1425 2497 1502 irridens,
2570 1427 2786 1487 iocans

643 1558 1004 1621 exclamat:

907 1696 1014 1758 ὑπὸ
1063 1698 1170 1758 τοῦ
1214 1695 1376 1766 δέους
1422 1694 1486 1757 δὲ
1532 1699 1640 1771 τῆς
1688 1698 1950 1779 μαρίλης
1996 1716 2099 1773 μοι
2142 1692 2373 1774 συχνὴν

907 1825 939 1884 ὁ
982 1821 1199 1907 λοέρκος
1245 1825 1579 1898 ἐνετίλησεν
1624 1825 1815 1906 ὥσπερ
1862 1824 2068 1896 σηπία.

729 1974 995 2053 „Eheul
1049 1985 1386 2055 tamquam
1435 1974 1611 2054 sepia
1657 1971 1973 2054 cophinus
2021 1980 2201 2034 metu
2247 1990 2594 2051 oppressus
2640 1989 2790 2030 con-

640 2103 888 2164 cacavit
935 2122 1037 2162 me
1086 2100 1290 2164 multa
1336 2097 1663 2182 fuligine.''

734 2291 844 2354 Ex
888 2291 1247 2372 fragmento
1297 2308 1422 2372 203
1465 2290 1668 2374 (quod
1709 2291 2027 2352 invenitur
2072 2289 2244 2372 apud
2286 2286 2705 2351 Athenaeum
2730 2300 2791 2365 7.

650 2440 711 2499 p.
766 2432 912 2498 307.
940 2419 1058 2499 e.):

1002 2539 1076 2628 ἄρ
1148 2544 1306 2606 ἔνδον
1351 2541 1574 2628 ἀνδρῶν
1618 2544 1911 2628 κεστρέων
1960 2539 2242 2617 ἀποικιίκ3

999 2671 1074 2739 ὡς
1121 2667 1237 2748 μὲν
1281 2668 1410 2754 γοέρ
1456 2669 1563 2730 εἰσι
1609 2668 1874 2745 νήστιδες
1919 2669 2335 2748 γιγνώσκετε,

644 2808 859 2869 videre
936 2807 1081 2870 licet
1147 2828 1346 2888 quam
1408 2806 1667 2868 ridicule
1729 2805 2001 2888 mugiles
2070 2825 2328 2886 semper
2399 2805 2587 2883 ieiuni
2660 2824 2799 2864 esse

647 2935 1092 3011 credebantur,
1134 2933 1309 3014 quod
1349 2953 1604 3015 semper
1628 2933 1798 2994 inani
1822 2932 1969 2994 alvo
1994 2932 2227 3013 reperti
2251 2951 2390 2992 esse
2414 2931 2795 2992 ferebantur.

650 3059 744 3124 Cf.
828 3061 1166 3142 Amipsiae
1251 3059 1721 3140 fragmentum,
1825 3058 2002 3141 quod
2089 3056 2319 3119 eodem
2403 3057 2545 3119 loco
2628 3041 2801 3137 apud

654 3155 1068 3252 Athenaeum
1121 3186 1386 3268 legitur:

1541 3311 1667 3390 ἐγὼ
1712 3309 1763 3372 δ’
1813 3312 1909 3372 ι’ὼν
1956 3309 2319 3395 πειράσομαι

829 3441 910 3510 εἰς
956 3440 1065 3517 τὴν
1110 3435 1350 3525 ἀγοροὶν
1394 3441 1570 3524 ἔργον
1617 3435 1856 3518 λαβεῖν.
1902 3433 1979 3497 Β.
2028 3433 2212 3512 ἧττον
2258 3431 2310 3495 δ’
2362 3433 2439 3495 ὀὲν
2484 3431 2583 3495 οὖν

831 3570 1029 3643 νῆστις
1073 3562 1341 3649 καθάπερ
1388 3562 1666 3648 κεστρεύς
1712 3558 2123 3638 ἀκολουθήσεις
2173 3557 2327 3639 ἐμοί.

748 3706 1066 3787 „Videtur
1102 3707 1380 3788 colloqui
1419 3704 1737 3787 parasitus
1776 3722 1924 3764 cum
1951 3721 2049 3777 e0‚
2076 3719 2272 3781 quem
2297 3700 2527 3761 frustra
2550 3708 2809 3760 secutus

663 3843 818 3914 erat,
861 3853 1126 3915 sperans
1170 3832 1302 3893 fore
1344 3840 1414 3894 ut
1453 3831 1538 3893 ab
1563 3850 1641 3892 eo
1667 3824 2105 3891 invitaretur.''
2134 3823 2403 3910 (Kock.)
2428 3823 2520 3888 Cf.
2549 3845 2811 3906 quoque

660 3959 1072 4041 Theopompi
1120 3958 1189 4020 fr.
1249 3974 1345 4037 13.

747 4085 1318 4170 Quemadmodum
1366 4103 1484 4144 nos
1528 4082 1834 4144 dicimus:
1872 4077 2049 4161 glad
2083 4076 2188 4140 als
2224 4097 2333 4139 een
2370 4075 2501 4154 (καί,
2552 4078 2616 4138 in
2643 4076 2814 4157 frag-

661 4224 882 4277 mento
930 4230 966 4274 2
977 4225 1008 4291 5
1058 4211 1314 4274 dicitur:

1284 4339 1392 4399 καὶ
1432 4340 1586 4407 λεῖος
1628 4338 1819 4420 ὥσπερ
1864 4335 2159 4413 ἔγχελυς.
