3317 5134
1720 451 1755 495 2

1396 535 1412 559 2

657 646 883 726 spiritu
970 618 1228 708 afflante
1285 618 1542 727 sponte
1611 655 1807 727 poeta
1873 646 2219 727 impellitur
2286 650 2389 708 ut'
2425 646 2575 709 edat
2641 665 2810 726 quae

658 773 851 834 sentit
897 793 973 834 ac
1015 773 1223 854 videt3
1282 773 1457 834 videt
1502 781 1722 834 autem
1771 792 1899 834 non
1964 792 2039 833 ea
2086 772 2295 833 solum
2344 793 2513 854 quae
2558 773 2615 833 ei
2660 782 2810 833 ante

658 898 879 960 oculos
942 909 1120 976 sunt,
1163 899 1299 960 'sed
1347 898 1509 961 aliae
1553 899 1740 960 simul
1785 899 2095 980 imagines
2141 890 2384 960 multae
2429 907 2700 979 surgunt
2746 899 2809 958 in

659 1025 794 1086 eius
853 1025 1088 1086 anim0.
1156 1025 1334 1087 Dum
1394 1025 1588 1106 igitur
1646 1025 1994 1106 imaginem
2048 1025 2311 1088 alicuius
2358 1026 2446 1086 rei
2491 1024 2826 1102 describit,-

659 1151 900 1212 sociam
947 1152 1006 1212 ei
1052 1151 1230 1214 addit
1275 1152 1577 1230 alteram,
1626 1172 1796 1233 quae
1840 1153 1903 1212 in
1948 1153 2145 1233 ipsius
2194 1162 2412 1214 mente
2450 1161 2549 1214 est
2572 1152 2809 1232 genita.

660 1276 843 1339 Haec
903 1287 1003 1340 est
1064 1279 1245 1359 origo
1303 1279 1801 1359 comparationis
1822 1328 1836 1355 ,
1897 1299 2066 1359 quae
2112 1287 2400 1342 vocatur.
2452 1277 2817 1340 Artissimis

660 1413 880 1466 autem
925 1404 1192 1466 vinculis
1237 1426 1386 1467 cum
1447 1405 1931 1486 comparatione
1977 1415 2075 1468 est
2120 1415 2399 1486 cognata
2444 1403 2812 1481 translatio;

661 1551 895 1612 nempe
954 1532 1005 1592 si
1069 1533 1234 1594 inter
1291 1532 1452 1593 duas
1511 1552 1612 1593 res
1672 1532 2019 1595 similitudo
2080 1533 2401 1613 quaedam
2446 1532 2811 1610 intercedit,

660 1657 918 1720 libertas
980 1659 1233 1739 poetica
1299 1679 1404 1735 ea,
1471 1679 1639 1740 quae
1698 1659 1780 1720 ad
1845 1659 2111 1722 alteram
2160 1660 2415 1741 proprie
2460 1659 2813 1740 pertinent,

661 1784 745 1846 ad
828 1784 1094 1846 alteram
1169 1785 1482 1848 transfert.
1557 1786 1936 1846 Innumerae
2003 1805 2157 1846 vero
2224 1784 2613 1862 locutioneS,
2686 1803 2815 1845 non

661 1909 870 1971 solum
939 1911 1003 1970 in
1073 1909 1295 1972 florida
1356 1931 1431 1973 ac
1472 1907 1749 1973 'sublimi
1810 1911 2086 1973 dictione
2167 1922 2392 1974 vatum
2460 1910 2574 1973 sed
2621 1911 2815 1975 etiam

663 2038 726 2097 in
769 2057 1066 2098 sermone
1105 2057 1238 2118 quo
1285 2058 1511 2099 omnes
1557 2039 1798 2100 utimur
1841 2038 2251 2119 quotidianO,
2301 2048 2498 2119 atque
2544 2037 2707 2099 adeo
2754 2038 2817 2097 in

661 2162 894 2243 linguis
969 2163 1260 2243 gentium
1336 2164 1928 2241 incultissimarum,
1990 2174 2367 2250 occurrunt,
2438 2184 2606 2246 quae
2672 2165 2819 2226 hinc

624 2322 632 2328 ·
663 2289 1050 2371 repetendae
1095 2301 1263 2353 sunt.

752 2414 910 2477 Mihi
961 2417 1024 2476 in
1072 2417 1288 2478 animo
1336 2425 1434 2478 est
1478 2418 1992 2498 comparationes
2039 2438 2115 2480 ac
2161 2417 2603 2500 metaphoraS,
2653 2438 2820 2500 quae

666 2543 1077 2604 inveniuntur
1120 2542 1184 2603 in
1232 2542 1460 2605 fabulis
1507 2542 1995 2624 AristophaniS,
2053 2545 2379 2607 clarissimi
2427 2542 2820 2607 Graecorum

665 2677 1007 2749 poetarum
1054 2669 1481 2746 comicorum,
1531 2669 1753 2736 ordine
1797 2671 2119 2752 digerere,
2168 2681 2475 2749 tractare,
2525 2673 2633 2735 ubi
2657 2693 2821 2754 opus

665 2775 886 2872 fuerit,
949 2767 1284 2876 explicare³
1331 2816 1406 2857 ac
1469 2816 1847 2878 comparare
1907 2818 2056 2859 cum
2120 2797 2493 2879 fragmentis
2554 2799 2821 2860 aliorum

667 2931 1010 3011 poetarum
1064 2923 1476 2985 comicorum.
1535 2922 1704 2987 Cum
1749 2944 1904 2985 vero
1950 2934 2157 2987 certas
2204 2925 2290 2987 ob
2336 2945 2563 2987 causas
2610 2945 2822 2987 meam

668 3049 1283 3112 commentationem
1366 3050 1532 3112 intra
1615 3050 1903 3111 modicos
1973 3049 2132 3111 fines
2200 3051 2617 3113 coartandam
2686 3070 2825 3111 esse

668 3174 1142 3255 intellegerem,
1191 3195 1319 3236 non
1361 3185 1624 3238 cunctas
1664 3174 2078 3257 metaphoras
2118 3174 2635 3257 Aristophaneas
2672 3195 2824 3236 con-

671 3321 892 3383 gerere
930 3301 1216 3382 decrevi,
1264 3303 1378 3363 sed
1422 3322 1530 3364 eas
1572 3302 1859 3383 tetigisse
1903 3303 2057 3365 satis
2094 3301 2324 3379 habui,
2367 3322 2528 3383 quas
2560 3302 2824 3363 'desum-

671 3428 800 3508 psit
862 3436 1082 3490 noster
1143 3447 1228 3488 ex
1291 3437 1520 3489 natura
1580 3426 1917 3490 hominum
1974 3438 2037 3492 et
2083 3429 2452 3490 animalium
2498 3439 2695 3510 atque
2740 3448 2826 3489 ex

672 3553 805 3616 vita
873 3553 1267 3634 quotidiana.
1340 3551 1596 3635 Nempe
1666 3555 1728 3615 in
1796 3553 1895 3616 his
1966 3556 2251 3616 maxime
2319 3554 2526 3618 elucet
2593 3563 2827 3636 poetae

672 3679 1036 3760 ingenium:
1108 3699 1193 3740 ex
1261 3678 1359 3741 his
1405 3681 1540 3742 eius
1600 3680 1845 3742 indoles
1891 3681 2136 3762 optime
2180 3682 2606 3763 cognoscitur.
2670 3681 2827 3744 Ete-

676 3806 809 3866 nim
894 3807 956 3866 in
1041 3806 1388 3868 comoediis
1471 3807 1600 3868 suis
1686 3807 2064 3888 plerumque
2132 3827 2439 3888 personas
2529 3801 2827 3889 vulgares

673 3933 1015 4012 loquentes
1091 3932 1366 4009 inducit,
1439 3934 1548 4014 qui
1616 3953 1735 3994 suo
1806 3935 2103 3996 nimirum
2172 3955 2468 3997 sermone
2560 3944 2832 3997 utuntur

637 4055 1072 4138 ,simplicibus
1140 4058 1253 4119 sed
1336 4078 1529 4140 saepe
1587 4060 1818 4121 iocosis
1866 4059 2259 4142 metaphoris
2330 4060 2601 4125 florenti.
2696 4061 2829 4124 Eas

679 4194 896 4245 noster
935 4194 1073 4246 arte
1111 4184 1300 4265 plane
1338 4186 1693 4249 admirabili
1735 4188 1797 4249 in
1836 4186 2064 4250 fabulis
2102 4190 2230 4250 suis
2253 4187 2546 4251 reddidit.
2574 4188 2830 4269 Nempe

683 4330 812 4371 non
860 4311 1024 4373 intra
1072 4312 1347 4392 parietes
1395 4313 1510 4374 sed
1556 4313 1681 4376 sub
1719 4315 1873 4377 Iove
1912 4315 2151 4397 lepidas
2188 4337 2262 4378 ac
2300 4315 2545 4377 vividas
2585 4314 2831 4377 fabulas
