3317 5134
1527 454 1611 529 89

485 681 601 741 spe
647 681 775 722 non
820 661 1213 738 destituitur,
1264 682 1643 742 responsum
1679 663 1849 725 enim
1897 661 2191 726 botularii
2235 670 2369 723 est:

574 789 680 848 καὶ
723 787 906 848 ταῦτ’
951 784 1053 864 ἐφ’
1101 785 1241 848 οἶσιν
1290 785 1418 849 ἐστι
1461 784 1928 867 συμφυσώμενα

577 897 792 977 ἐγῷδ’·
843 897 940 961 ε’πί
981 897 1110 984 γοὶρ
1156 905 1278 969 τοῖς
1323 900 1654 978 δεδεμένοις
1701 903 2104 979 χαλκεύεται.

485 1034 683 1107 atque
765 1024 927 1087 haec
1003 1027 1152 1087 novi
1217 1026 1644 1107 quamobrem
1706 1023 2102 1106 conflentur,
2175 1023 2258 1086 ad
2338 1024 2629 1104 captivos

475 1149 1068 1233 (Lacedaemonios
1104 1148 1519 1231 Sphacteriae
1555 1147 1811 1234 captos)
1836 1151 2007 1212 enim
2030 1147 2405 1211 vendendos
2429 1148 2622 1210 cudit.

575 1272 640 1336 εὖ
684 1274 754 1352 γ’
802 1272 872 1336 εὖ
915 1298 1030 1353 γε,
1080 1275 1345 1354 χαλκευ’
1395 1271 1538 1337 ἀντὶ
1581 1279 1699 1338 τῶν
1742 1274 2155 1353 κολλωμένων.

483 1399 691 1462 laetus
735 1398 969 1462 chorus
1015 1400 1360 1481 approbat.

573 1523 740 1588 Cum
800 1523 1115 1605 Equitum
1162 1524 1378 1587 fabula
1420 1523 1631 1587 huius*
1658 1525 1909 1605 generis
1961 1522 2373 1606 metaphoras
2418 1523 2630 1604 plures

485 1668 614 1709 non
659 1649 1019 1726 contineat,
1069 1649 1224 1711 alias
1269 1650 1398 1712 iam
1454 1649 1793 1714 adibimus,

573 1773 748 1836 Nub.
797 1794 890 1836 vs·
940 1788 1071 1854 740
1115 1773 1413 1838 Socrates
1461 1796 1704 1837 novum
1751 1775 2135 1856 discipulum
2180 1775 2522 1838 admonet:

576 1899 645 1960 ἴθι
690 1923 823 1972 νυν,
870 1902 1184 1962 καλύπτου
1230 1902 1337 1962 καὶ
1377 1899 1634 1980 σχοέσας
1678 1899 1789 1973 τὴν
1835 1897 2129 1985 Φροντίδα

574 2012 800 2090 λεπτὴν
835 2010 1007 2074 κατα
1055 2012 1261 2097 μικρὸν
1305 2010 1633 2098 περιφρόνει
1680 2011 1766 2075 τοὶ
1813 2012 2208 2097 πράγματα,

578 2121 748 2209 ὀρθῶς
787 2125 1017 2210 διαιρῶν
1059 2127 1166 2188 καὶ
1206 2131 1461 2190 σποπῶν.

486 2250 853 2313 minutatim
891 2250 1349 2331 cogitationem
1396 2251 1686 2314 dividens
1732 2272 1833 2315 res
1879 2252 2229 2314 considera.

572 2374 772 2456 Vesp.
818 2395 894 2436 vs
961 2375 1094 2456 694
1130 2375 1260 2438 duo
1299 2377 1560 2438 iuvenes
1606 2375 1912 2454 rhetoreS,
1954 2378 2063 2458 qui
2103 2369 2400 2439 mercede
2434 2398 2473 2438 a
2520 2396 2629 2438 reo

486 2510 771 2582 accepta,
819 2500 1054 2563 iudices
1111 2500 1335 2563 fallunt
1396 2522 1473 2564 ac
1533 2503 1744 2583 specie
1808 2501 2003 2564 modo
2063 2503 2315 2584 litigant
2363 2522 2492 2564 non
2540 2522 2627 2578 re,

485 2635 940 2708 comparantur
979 2645 1128 2688 cum
1177 2626 1433 2688 duobus
1479 2625 1866 2704 hominibuS‚
1915 2629 2025 2708 qui
2072 2648 2310 2690 serram
2338 2628 2624 2690 ducunt:

751 2753 826 2822 ὡς
873 2748 1081 2835 πρίονθ’
1129 2753 1161 2813 o‘
1205 2750 1321 2830 μὲν
1367 2751 1557 2824 ἕλκει,
1605 2754 1637 2814 o‘
1682 2752 1734 2812 δ’
1781 2752 2165 2816 ἀντενέδωκε.

575 2875 820 2938 EccleS.
866 2896 959 2939 vs,
992 2893 1120 2956 310
1165 2876 1500 2939 mulierum
1547 2876 1781 2940 chorus
1818 2879 2139 2960 queritur:
2194 2878 2410 2941 Antea
2436 2897 2625 2938 nemo

486 2982 824 3082 pecuniam
872 3001 1152 3082 accepit,

1148 3115 1272 3174 νυνὶ
1313 3112 1377 3174 δὲ
1423 3112 1746 3198 τριώβολον

1147 3223 1391 3306 ζητοῦσι
1437 3225 1656 3307 λαβεῖν
1702 3227 1851 3288 ὅταν

1150 3338 1464 3423 πράττωσί
1505 3362 1566 3401 τι
1609 3338 1793 3402 κοινὸν
1837 3343 1949 3400 ὥσ-

1150 3474 1255 3536 περ
1301 3448 1794 3536 πηλοφοροῦντες.

484 3581 568 3642 ad
635 3578 795 3641 haec
860 3577 1203 3641 scholiasta
1264 3585 1567 3640 annotat:
1617 3578 1693 3647 ὡς
1740 3578 2133 3662 χειροτέχναι
2178 3580 2284 3638 καὶ
2328 3575 2628 3657 μισθωτοί.

487 3702 623 3788 (als
649 3703 1199 3786 polderjongenS.)

575 3832 703 3893 Αν.
754 3851 850 3892 VS.
907 3841 1092 3907 1145.
1145 3830 1217 3890 In
1264 3827 1658 3890 aedificanda
1705 3828 1863 3890 urbe
1908 3829 2161 3906 avium,

752 3945 808 4004 οἱ
848 3946 1033 4021 χῆνες
1078 3942 1552 4018 ὑποτύπτοντες,
1600 3944 1792 4026 ὥσπερ
1839 3946 1977 4011 ταῖς
2023 3943 2219 4020 ἄμαις

753 4055 811 4125 ἐς
854 4052 972 4124 τοὶς
1019 4053 1284 4124 λεκοένας
1332 4052 1665 4134 ἐνέβαλλον
1712 4052 1899 4115 αὐτὸν
1943 4059 2067 4116 τοῖν
2113 4054 2325 4115 ποδοῖν.

483 4201 740 4244 anseres
783 4179 1058 4262 pedibus
1104 4180 1234 4242 suis
1277 4179 1474 4242 veluti
1503 4180 1830 4260 ligonibus
1847 4179 2054 4243 lutum
2082 4201 2118 4243 e
2143 4190 2309 4243 terra
2335 4191 2630 4244 eruentes

489 4308 552 4368 in
599 4306 818 4387 pelves
862 4305 1242 4368 iniiciebant.
