3317 5134
1633 453 1719 529 48

703 660 899 722 Domi
958 661 1220 742 quidem
1266 682 1469 724 senex
1515 663 1806 724 omnium
1856 672 1955 725 est
2000 663 2573 746 prudentissimUS,
2619 669 2791 726 cum'

616 783 836 836 autem
900 776 1082 838 sedet
1137 776 1200 837 in
1264 773 1389 837 hoc
1451 796 1648 858 saXO,
1712 786 1934 857 stupet
1992 784 2332 858 tamquam
2378 776 2610 854 hom0‚
2659 777 2770 858 qui

613 904 849 964 caricas
889 902 1167 964 funiculo
1203 904 1470 984 perserit
1508 923 1583 965 ac
1607 903 1697 965 ita
1722 903 2053 984 coniungit
2074 923 2088 980 ;
2134 923 2301 984 quae
2326 903 2441 966 fuit
2469 905 2767 965 nimirum

613 1030 954 1112 occupatio
1010 1029 1198 1092 valde
1256 1030 1565 1092 taediosa.
1618 1030 1718 1092 Ita
1762 1029 1961 1110 vulgo
2005 1028 2396 1092 'vocabulum
2436 1027 2771 1111 ἐμποδίζων

613 1157 992 1238 explicatur.
1035 1155 1230 1217 Kock
1269 1164 1488 1218 tamen
1529 1156 1785 1218 dubitat
1828 1176 1983 1217 num
2022 1154 2146 1218 hoc
2185 1156 2541 1237 sig’nificare
2565 1157 2770 1238 possit

612 1282 886 1364 ideoque
953 1282 1298 1364 legendum
1367 1283 1671 1364 proponit
1720 1279 2142 1368 ἐμβροχίζων,
2213 1284 2388 1363 quod
2440 1282 2591 1344 mihi
2640 1303 2767 1343 non

612 1409 800 1472 valde
846 1409 1076 1490 placet.
1141 1409 1306 1471 Fieri
1353 1419 1571 1491 potest
1619 1419 1692 1472 ut
1738 1410 1913 1472 aliud
1958 1409 2346 1472 vocabulum
2389 1411 2765 1490 requiratur,

613 1556 1012 1618 quamquam
1060 1557 1188 1598 non
1221 1545 1320 1598 est
1345 1555 1464 1598 cur
1501 1537 1838 1618 vulgatam
1865 1536 2361 1617 explicationem
2386 1537 2765 1598 reficiamus,

614 1662 708 1726 Cf.
760 1663 969 1724 Varro
1016 1663 1098 1724 R.
1145 1661 1227 1725 R.
1285 1681 1334 1724 1.
1385 1680 1491 1740 41.

704 1868 776 1928 In
838 1868 997 1930 scita
1051 1867 1359 1943 oratione,
1416 1863 1563 1951 (nos
1617 1866 1921 1928 dicimus:
1991 1863 2513 1948 boezpredz’katie)
2568 1884 2764 1946 quam

615 1993 676 2052 in
724 1991 937 2053 fabula
975 1992 1153 2053 Pacis
1199 1989 1400 2052 habet
1445 1990 1832 2067 MercuriuS‚
1881 2000 2230 2071 postquam
2277 1991 2398 2053 dea
2443 1992 2507 2052 in
2557 1991 2766 2052 lucem

614 2126 939 2199 protracta
1000 2126 1130 2193 est,
1195 2115 1628 2179 Athenienses
1676 2117 1999 2197 vituperat
2060 2116 2238 2197 quod
2285 2136 2514 2197 pacem
2561 2135 2770 2196 expu-

613 2243 822 2305 lerunt
869 2252 934 2306 et
980 2252 1187 2305 semet
1233 2242 1407 2323 ipsos
1453 2241 1692 2304 rabulis
1740 2252 1806 2304 et
1851 2241 2461 2323 quadruplatoribus
2508 2241 2767 2302 dedide-

614 2379 779 2432 runt.
845 2368 974 2450 Qui
1035 2380 1184 2430 cum
1242 2367 1396 2429 lucri
1459 2387 1654 2428 causa
1719 2367 1981 2429 divitem
2028 2367 2307 2448 aliquem
2355 2367 2684 2429 hominem
2730 2389 2768 2429 e

613 2496 872 2558 civitate
918 2492 1244 2556 foederata
1291 2492 1732 2554 insimularent
1775 2490 1900 2576 (vs,
1947 2489 2107 2576 640)

1698 2632 1774 2701 ὡς
1818 2627 2038 2716 φρονεῖ
2068 2630 2155 2693 τοὶ
2198 2629 2516 2715 Βρασίδου.

841 2758 949 2822 εἶτ’
990 2758 1068 2821 οἳν
1116 2759 1287 2838 ὑμεῖς
1332 2754 1542 2820 τοῦτον
1589 2760 1780 2841 ὥσπερ
1827 2754 2026 2818 κυνίδι’
2078 2755 2522 2841 ἐσπαράττετε·

837 2889 871 2964 ἡ
914 2890 1080 2956 πόλις
1126 2882 1254 2970 γοὶρ
1299 2882 1582 2968 ὠχριῶσα
1628 2882 1744 2944 κοὲν
1790 2880 1971 2964 Φόβῳ
2016 2880 2321 2962 καθημένη

838 3012 1011 3076 ἄττα
1057 3009 1345 3092 διαβοέλοι
1389 3031 1480 3080 τις
1527 3008 1721 3087 αὐτῇ,
1770 3009 1957 3071 ταῦτ’
2006 3006 2083 3070 ἂν
2128 3006 2316 3085 ἥδιστ’
2365 3005 2574 3083 ἤσθιεν.

613 3194 790 3260 Urbs
837 3192 1006 3254 enim
1046 3187 1282 3271 pallida
1324 3186 1653 3261 desidem,
1704 3203 2130 3264 quaecunque
2188 3181 2332 3263 quis
2371 3181 2767 3243 calumniose

616 3322 672 3384 ei
719 3320 1056 3392 obiiceret,
1105 3313 1522 3376 libentissime
1569 3308 1971 3373 comedebat.

614 3450 837 3510 Iocose
905 3450 1102 3525 poeta
1169 3438 1371 3501 verbo
1439 3443 1795 3517 expectato
1865 3431 2157 3518 προβοέλοι
2202 3429 2306 3517 (cf.
2358 3430 2531 3492 Nub.
2580 3429 2770 3515 489.)

614 3569 948 3636 substituit
993 3568 1027 3628 δ
1031 3564 1302 3647 ιαβοὶλοι.

707 3785 970 3850 Comice
1013 3781 1217 3860 Vesp.
1265 3798 1363 3839 VS.
1410 3775 1539 3853 462
1583 3793 1825 3849 servuS,
1864 3770 2116 3834 acribus
2154 3769 2436 3832 heliastis
2477 3768 2775 3850 repulsis,-

614 3909 1030 3992 Bdelycleoni
1076 3904 1264 3968 dicit:
1314 3902 1507 3982 „Non
1556 3909 1693 3961 tam
1738 3897 1918 3959 facile
1968 3916 2080 3958 eos
2126 3894 2511 3976 fugavisse3‚

797 4039 955 4120 εἴπερ
1001 4036 1227 4112 ἔτυχον
1272 4034 1390 4093 τῶν
1436 4022 1640 4108 μελῶν
1678 4028 1796 4087 τῶν
1833 4021 2192 4092 Φιλοκλέους
2232 4016 2675 4105 βεβρωκότες.”

616 4203 795 4265 Noto
895 4197 1164 4261 artificio
1190 4244 1205 4272 ‚
1307 4213 1438 4274 quo
1535 4209 1765 4251 omnes
1848 4186 2056 4248 omnis
2138 4185 2279 4246 aevi
2357 4183 2583 4245 comici
2673 4186 2772 4244 usi

617 4336 803 4403 sunt,
892 4318 1371 4401 Aristophanes
1445 4314 1645 4377 verba
1726 4311 2015 4392 vulgaria
2092 4330 2129 4371 e
2195 4310 2327 4371 vita
2394 4308 2775 4390 quotidiana
