3317 5134
1525 513 1556 577 5

549 704 623 766 cf.
717 705 1105 770 Pherecratis
1172 709 1452 789 lepidum
1521 711 1954 791 fragmentum
2018 729 2133 791 23,
2202 713 2261 773 in
2324 733 2455 794 quo
2500 712 2601 774 dei

462 830 757 894 homines
804 833 893 895 ita
940 835 1269 916 increpant
1289 856 1302 898 :

504 1024 604 1084 ὅτε
653 1028 800 1085 τοῖσι
845 1019 990 1094 θεοῖς
1036 1021 1224 1095 θύετε,
1274 1026 1554 1110 πρώτιστ’
1604 1023 1951 1110 ἀποκρίνετε
1998 1032 2119 1096 τοῖς
2165 1028 2402 1111 ἱερεῦσιν

510 1148 574 1210 τὸ
619 1146 1005 1230 νομιζόμενον
1050 1152 1295 1236 πρώτοις
1341 1153 1525 1231 ὑμῶν,
1575 1153 1685 1214 εἶτ’
1738 1150 2029 1237 (αἰσχύνη
2073 1154 2141 1216 τὸ
2178 1153 2515 1237 κατειπεῖν)

504 1275 568 1337 οὐ
613 1277 698 1338 τὼ
744 1279 912 1361 μηρὼ
958 1277 1406 1362 περιλοίψαντες
1453 1280 1665 1371 μέχριἱ
1691 1278 2181 1361 βουβώνων***

504 1403 608 1461 καὶ
653 1401 762 1479 τὴν
805 1397 998 1480 ὀσφύν
1041 1403 1256 1482 κομιδῆ
1299 1404 1499 1483 ψιλήν,
1548 1403 1747 1466 λοιπὸν
1793 1403 1895 1467 τὸν
1938 1405 2259 1468 σπόνδυλον
2304 1406 2490 1469 αὐτὸν

501 1531 691 1612 ὥσπερ
733 1529 1076 1613 ρινήσαντες
1121 1527 1318 1608 νέμεθ’
1367 1528 1452 1616 (?)
1501 1533 1692 1615 ὥσπερ
1738 1533 1846 1592 καὶ
1888 1538 2009 1599 τοῖς
2054 1535 2218 1593 κυσὶν
2264 1534 2439 1611 ἡμϊν;

503 1649 612 1713 εἶτ’
662 1650 966 1730 ἀλλήλους
1012 1655 1436 1734 αἰσχυνόμενοι
1482 1657 1787 1734 θυλήμασι
1829 1658 2123 1741 κρύπτετε
2170 1662 2407 1727 πολλοῖς
2434 1657 2554 1739 (¹).

545 1854 718 1919 Nub.
766 1875 860 1917 vs.
907 1858 1041 1937 489
1086 1853 1383 1919 Socrates
1434 1858 1841 1920 doctissimus
1886 1857 2415 1940 philosophorum
2464 1860 2599 1920 seni

459 1980 769 2061 discipulo
817 2001 934 2042 suo
980 1982 1136 2043 satis
1182 1982 1415 2045 stolido
1462 1983 1650 2045 dicit:

768 2171 893 2248 ἄγε
940 2192 1038 2232 νυν
1082 2172 1252 2242 ὅπως,
1303 2173 1452 2234 ὅταν
1498 2195 1557 2234 τι
1603 2171 2005 2258 προβαλωμαι
2062 2168 2248 2251 σοφὸν

767 2300 897 2382 περὶ
939 2304 1056 2360 τῶν
1101 2301 1435 2384 μετεώρων,
1487 2298 1693 2371 εὐθέως
1741 2297 2109 2386 ὑφαρπάσει.

456 2424 616 2486 alter
663 2424 1181 2505 indignabundus
1227 2436 1447 2506 rogat:

766 2554 830 2613 τί
870 2551 1004 2626 δαί;
1049 2551 1292 2628 κυνηδὸν
1337 2553 1445 2629 τὴν
1489 2556 1713 2631 σοφίαν
1760 2551 2116 2631 σιτήσομαι;

543 2766 712 2830 Satis
757 2767 965 2848 lepide
1008 2766 1166 2829 haec
1212 2768 1410 2829 verba
1456 2768 1923 2848 aliquantulum
1965 2769 2207 2832 laesum
2247 2768 2595 2850 agricolam

455 2894 812 2974 designant.
877 2894 972 2970 Is,
1037 2894 1145 2973 qui
1198 2891 1492 2955 homines
1537 2892 1825 2974 plebeios
1868 2894 2332 2975 aliquantulum
2383 2895 2596 2971 novit,

456 3041 582 3082 non
644 3022 936 3101 ignorare
996 3030 1212 3101 potest
1267 3040 1378 3080 eos
1441 3020 1761 3081 interdum
1824 3021 1987 3082 sicut
2046 3019 2447 3101 Strepsiades
2493 3019 2595 3082 hic

452 3148 722 3209 verbum
768 3145 1027 3227 aliquod
1075 3145 1260 3207 valde
1305 3146 1616 3226 indignari
1659 3147 1837 3226 quod
1884 3147 2017 3207 sine
2057 3145 2182 3207 ulla
2220 3143 2460 3207 malitia
2499 3156 2597 3209 est

453 3273 690 3334 dictum
703 3325 709 3329 .

541 3495 706 3559 Cum
753 3498 814 3557 in
862 3470 1078 3558 sabula
1122 3496 1301 3558 Pacis
1346 3495 1725 3574 Choreutae,
1772 3497 2077 3577 Trygaeo
2119 3508 2379 3560 auctore
2403 3498 2592 3559 deam

452 3623 682 3684 Pacem
731 3643 814 3684 ex
860 3633 1074 3699 antr0,
1125 3623 1186 3683 in
1233 3623 1408 3703 quod
1447 3622 1743 3684 Polemos
1784 3643 1927 3684 eam
1967 3623 2211 3700 deiecit,
2257 3622 2595 3712 extrahere

451 3757 794 3825 conantur,
865 3748 1043 3809 initio
1103 3768 1267 3828 opus
1329 3768 1559 3828 parum
1623 3748 1940 3824 succedit,
2006 3760 2157 3811 sunt
2212 3749 2416 3825 enim,
2482 3749 2590 3829 qui

453 3873 746 3949 obstant,
811 3873 912 3935 alii
971 3884 1225 3949 autem,
1289 3875 1398 3955 qui
1463 3872 1612 3935 nihil
1662 3874 1940 3956 faciunt,

1024 3995 1142 4061 οὐδ’
1191 4001 1246 4060 οἱ
1289 3996 1611 4085 Μεγαρῆς
1657 3997 1827 4085 δρῶσ’
1877 3999 2059 4061 οὐδέν.

521 4298 554 4360 ¹)
609 4300 687 4346 De
739 4303 878 4345 textu
929 4298 1107 4345 misere
1155 4297 1373 4345 mutilati
1425 4297 1571 4345 huius
1616 4297 1886 4360 fragmenti
1935 4313 1993 4345 ac
2030 4298 2245 4346 aliorum
2280 4298 2589 4348 comicorum

431 4391 858 4453 'fragmentorum‚
895 4404 1023 4452 quae
1049 4389 1286 4448 laudabo,
1319 4388 1461 4436 vide:
1483 4388 1649 4446 Kock,
1666 4388 1952 4450 fragmenta
1981 4389 2291 4437 comicorum
2309 4389 2593 4441 atticorum.
