3317 5134
1523 502 1605 564 93

589 692 705 755 Ad
763 693 1287 774 significandum:
1357 693 1635 775 aliquem
1687 693 1913 756 frustra
1962 694 2321 771 laborasse,
2375 694 2639 756 Thesm.

495 841 572 882 vs
638 822 767 901 928
817 819 1258 901 metaphorice
1301 819 1564 883 dicitur:

631 931 654 950 ⁶
902 945 1058 1021 αὕτη
1108 944 1224 1024 μὲν
1272 947 1305 1020 ἡ
1353 941 1622 1029 μήρινθος
1668 944 1833 1007 οὐδὲν
1879 947 2158 1008 ἔσπασεν.

496 1070 597 1133 hic
646 1071 959 1132 funiculus
1006 1069 1156 1132 nihil
1204 1067 1477 1152 (nullum
1523 1067 1794 1154 piscem)
1842 1072 2133 1134 adduxit.

496 1218 571 1259 ac
619 1196 848 1258 eodem
895 1196 1092 1258 modo
1134 1197 1336 1277 Vesp.
1384 1216 1479 1259 VS.
1536 1209 1697 1276 175:

1030 1330 1175 1394 ἀλλ’
1226 1334 1326 1395 οὐκ
1376 1336 1635 1398 ἔσπασεν
1682 1337 1884 1415 ταύτῃ
1927 1337 2020 1414 γ’.

583 1537 693 1601 Ex
760 1537 1072 1599 medicina
1132 1546 1230 1599 est
1289 1537 1665 1619 desumpta¹
1696 1536 2112 1620 metaphora,
2160 1560 2327 1620 quae
2373 1540 2644 1601 occurrit

495 1664 617 1745 Eq.
670 1685 764 1725 vs,
825 1665 1010 1741 1148,
1061 1663 1170 1724 ubi
1217 1662 1468 1726 Demus
1515 1663 1699 1726 dicit:
1761 1665 1871 1745 qui
1934 1685 2004 1726 se
2050 1685 2155 1726 me
2199 1665 2410 1727 fallere
2455 1685 2646 1746 posse

497 1798 754 1871 putent,
813 1810 925 1850 eos
980 1791 1152 1870 ipsos
1189 1790 1639 1866 circumvenio,
1690 1789 1967 1851 observo
2008 1790 2177 1851 enirn
2219 1810 2645 1872 quaecunque

496 1915 819 1991 furantur,

1450 2041 1634 2104 ἔπειτ’
1684 2038 1889 2120 αναγ-

1023 2163 1193 2248 κοὶζω
1240 2170 1422 2229 πάλιν
1469 2165 1711 2247 ἐξεμεῖν

1029 2293 1174 2355 ἅττ’
1222 2292 1300 2354 ὁὲν
1344 2289 1691 2372 κεκλόφωσί
1731 2316 1886 2372 μου,

1028 2419 1220 2498 κημὸν
1269 2424 1674 2498 καταμηλῶν.

493 2549 661 2627 μηλη
731 2546 1058 2628 specillum
1130 2554 1262 2622 est,
1333 2545 1510 2627 quod
1577 2545 1899 2608 medicum
1963 2547 2461 2608 instrumentum
2525 2566 2642 2608 nos

493 2693 835 2736 vocamus:
899 2671 1106 2734 sende.
1165 2674 1569 2751 καταμηλοῦν
1636 2671 1989 2752 significat:
2056 2671 2315 2753 specillo
2362 2672 2641 2753 aliquem

492 2819 726 2880 cogere
787 2809 859 2861 ut
925 2807 1183 2872 vomat;
1258 2797 1516 2879 specillo
1588 2807 1844 2874 autem,
1911 2818 2043 2880 quo
2112 2798 2363 2860 Demus
2444 2799 2643 2860 utitur

493 2929 526 2988 ὁ
577 2928 767 3003 κημός
812 2933 946 3002 est,
994 2924 1257 3005 qualum
1306 2943 1503 2984 urnae
1548 2923 1922 3003 impositum
2000 2923 2095 2985 i'voe
2166 2925 2235 2984 αἱ
2290 2920 2485 3003 ψῆφοι
2552 2924 2641 3002 μὴ

494 3050 902 3125 &aurbeima-tm
983 3050 1227 3130 tropice
1296 3057 1642 3130 usurpatur
1702 3068 1853 3129 pro:
1915 3049 2257 3131 anquisitio
2318 3048 2639 3111 iudicialis,

495 3176 562 3240 Si
623 3178 1011 3240 locutionem
1075 3177 1163 3238 ita
1222 3176 1687 3256 interpretariS,
1768 3175 1986 3236 omnia
2032 3184 2204 3237 recte
2250 3195 2319 3236 se
2365 3174 2637 3251 habent,

494 3304 607 3366 sed
672 3315 812 3367 tum
881 3303 1283 3364 accusativus
1352 3300 1542 3380 κημὸν
1589 3299 1744 3362 mihi
1794 3300 1931 3362 ferri
1981 3320 2108 3362 non
2154 3321 2346 3381 posse
2392 3301 2642 3362 videtur

495 3431 769 3511 ideoque
814 3427 1155 3508 legendum
1205 3446 1344 3488 esse
1388 3445 1654 3488 censeo:
1697 3431 1891 3505 κημῷ.
