3317 5134
1541 439 1622 516 65

789 645 868 708 ‘O
907 645 962 708 δ’
1009 645 1092 708 .κῦ
1137 645 1516 717 ΣςΟεκλέσυς
1563 651 1670 709 τοῦ
1712 649 1919 726 μέλιτι
1963 651 2321 732 κεχριμένον

785 778 976 858 ὥστε..)
1019 775 1298 835 κκόίσκευ
1347 777 1681 857 περιέλειχε
1728 775 1795 835 τὲ
1842 779 2073 852 σῖέμκ.

513 897 854 979 Sophoclis
893 899 1082 960 melle
1119 900 1272 960 illita
1309 899 1488 961 labra
1531 899 1727 960 veluti
1766 899 1909 960 cadi
1930 900 2262 962 delambit.
2292 899 2660 981 (Euripides

513 1024 620 1086 hic
665 1023 1006 1106 significari
1051 1023 1353 1108 videtur.)

603 1225 727 1306 Eq.
775 1247 872 1288 vs,
919 1241 1050 1306 973
1109 1225 1344 1287 chorus
1405 1226 1466 1286 in
1533 1246 1661 1286 una
1704 1225 1951 1286 illarum
2000 1226 2353 1306 lepidarum
2400 1227 2665 1289 cantile-

509 1370 768 1426 narum,
864 1371 1030 1432 quas
1111 1361 1306 1432 poeta
1389 1361 1727 1432 tamquam
1814 1352 2225 1413 condimenta
2312 1353 2661 1414 identidem

507 1475 774 1554 largiter
817 1497 1060 1538 coenae
1104 1478 1318 1553 addit,
1365 1477 1604 1557 gaudio
1647 1498 1719 1538 se
1764 1498 1905 1538 esse
1951 1478 2429 1540 exsultaturam
2456 1480 2621 1541 dicit
2642 1525 2657 1548 ,

511 1601 581 1676 ἣν
625 1600 852 1664 Κλέων
897 1604 1226 1679 ἀπόληται.
1273 1605 1725 1687 Quamquam,
1774 1605 2017 1684 inquit.
2072 1605 2285 1666 audivi
2331 1607 2649 1686 quosdam

509 1743 737 1790 contra
781 1729 1100 1792 dicentes:

1089 1857 1166 1926 ὡς
1209 1858 1266 1918 εἰ
1304 1859 1393 1935 μὴ
1441 1855 1656 1934 ’γένεθ’
1705 1856 1875 1928 οὗτος
1922 1856 1982 1919 ἐν

1095 1986 1170 2060 ‘5325‘
1214 1989 1380 2045 πόλει
1427 1985 1543 2060 με’)
1565 2008 1675 2055 αις,
1722 1983 1823 2044 οὐκ
1872 1981 1951 2043 ,ἓν
1996 1989 2061 2057 ἧ-

1092 2131 1240 2184 στ’-ην
1276 2113 1452 2185 σκεύη
1501 2111 1600 2171 3:5⁵
1639 2114 1921 2192 χρησίμω
1942 2157 1957 2180 ,

1089 2237 1290 2313 δοῑῢυὲ
1335 2235 1464 2297 οὐδὲ
1513 2239 1742 2319 τορύνη.

513 2383 630 2442 nisi
677 2381 780 2444 hic
823 2403 1100 2464 magnus
1153 2385 1459 2447 evasisset
1519 2387 1582 2446 in
1641 2387 1929 2460 civitate,
1990 2385 2123 2446 duo
2187 2385 2362 2448 utilia
2426 2388 2659 2448 instru-

513 2519 734 2570 menta
783 2530 910 2570 non
957 2511 1340 2586 existerent,
1389 2531 1598 2591 neque
1642 2511 1949 2592 pistillum
1997 2533 2206 2593 neque
2250 2514 2533 2576 tudicula

511 2633 636 2713 (Cf.
685 2655 762 2696 ea
804 2656 975 2716 quae
1017 2637 1151 2697 dixi
1195 2636 1280 2697 de
1321 2636 1522 2696 verbo
1567 2637 1811 2720 κυκᾶν.)

603 2762 840 2824 Poetae
877 2761 1036 2824 haec
1080 2763 1480 2843 comparatio
1519 2762 1841 2843 pulchrior
1864 2764 1998 2824 visa
2022 2773 2121 2825 est
2144 2765 2298 2845 quin
2324 2785 2400 2826 ea
2426 2766 2653 2828 iterum

512 2896 817 2951 uteretur.
883 2890 954 2949 In
1015 2888 1230 2950 fabula
1287 2889 1464 2950 Pacis
1528 2889 1735 2968 enim,
1780 2908 1930 2950 cum
1980 2886 2282 2950 Polemos
2327 2890 2387 2950 in
2437 2911 2514 2950 eo
2560 2900 2659 2954 est

512 3021 587 3074 ut
651 3013 842 3074 urbes
897 3013 1204 3074 Graeciae
1261 3013 1322 3072 in
1383 3013 1644 3072 immani
1710 3015 2013 3074 mortario
2073 3015 2460 3083 contundat,
2532 3017 2660 3096 pis-

509 3142 716 3202 tillum
783 3141 1009 3221 poscit.
1080 3140 1276 3222 Quod
1344 3158 1492 3201 cum
1564 3158 1691 3226 non
1760 3139 1841 3201 sit
1908 3141 1990 3200 ad
2052 3160 2344 3215 manum,
2420 3141 2658 3204 famulo

509 3268 782 3347 imperat
851 3276 922 3326 ut
981 3266 1064 3326 ad
1125 3263 1558 3326 Athenienses
1633 3276 1844 3327 currat
1905 3267 2098 3346 idque
2161 3268 2655 3330 instrumentum

509 3393 660 3454 inde
705 3392 947 3453 afferat.
997 3390 1124 3453 Sed
1170 3390 1400 3452 infecta
1447 3412 1514 3452 re
1561 3412 1719 3452 mox
1765 3392 1865 3452 ille
1910 3393 2105 3468 redit,
2150 3391 2273 3476 (VS.
2328 3393 2489 3474 268)

1688 3517 1757 3577 τὸ
1796 3517 1957 3578 δεῖνα
2004 3515 2169 3600 γὰρ,

980 3640 1244 3704 ἀπόλωλ’
1292 3640 1700 3717 Ἀθηναίοισιν
1746 3641 2168 3726 ἁλετρίβανος.

509 3795 809 3857 Feliciter
865 3795 1205 3855 Laconum
1251 3792 1559 3874 pistillum
1607 3811 1899 3872 quoque,
1948 3792 2279 3866 BrasidaS,
2310 3767 2459 3854 'una
2504 3814 2653 3855 cum

505 3922 712 3984 altero
756 3920 962 4002 periit.

597 4049 734 4110 Iam
783 4067 976 4128 supra
1016 4047 1297 4107 diximus
1336 4055 1598 4127 poetam
1639 4045 1702 4104 in
1742 4043 1850 4105 lite
1888 4065 2145 4120 canum,
2184 4067 2355 4126 quae
2378 4049 2653 4111 occurrit

505 4181 570 4238 in
611 4175 824 4236 fabula
871 4174 1256 4253 Vesparum,
1297 4171 1499 4232 altero
1536 4191 1695 4232 cane
1734 4170 1983 4232 Labete
2021 4171 2251 4233 ducem
2292 4171 2659 4236 Lachetem

505 4300 896 4381 significare,
981 4300 1092 4380 qui
1178 4300 1236 4359 in
1322 4297 1530 4360 Sicilia
1612 4295 1867 4358 sacculo
1950 4317 2070 4357 suo
2153 4297 2378 4358 melius
2448 4319 2647 4379 quam

2348 4416 2372 4450 5

1980 4457 2005 4474 0
