3317 5134
1534 483 1616 543 43

589 673 852 739 Thesm.
927 697 1019 738 VS.
1079 679 1246 740 1180
1307 697 1548 739 novum
1608 676 1924 740 habemus
1986 680 2359 762 exemplum
2422 681 2648 743 urbani

499 798 786 881 Scythae
833 803 1102 883 ingenii3
1151 804 1553 866 admirationi
1601 825 1757 866 suae
1782 825 1934 886 erga
1959 805 2237 887 puellam
2260 807 2648 870 saltatricem

499 926 672 990 hisce
717 929 931 990 verbis
978 914 1304 1011 indulget:

856 1068 934 1139 ὠς
982 1066 1270 1154 ἐλαπρός,
1318 1073 1507 1154 ὥσπερ
1553 1070 1751 1148 ψύλλο
1797 1068 1969 1132 κατ-οὲ
2019 1071 2087 1133 τὸ
2134 1072 2323 1134 κῴδιο.

587 1194 842 1257 Satisne
904 1196 1136 1258 scitum
1193 1204 1322 1272 est,
1372 1197 1571 1257 immo
1617 1194 2027 1277 Scythicum,
2076 1197 2321 1260 facilem
2368 1198 2647 1280 puellam

499 1321 872 1382 assimulare
921 1320 1111 1402 pulici
1159 1322 1223 1382 in
1269 1320 1472 1384 lodice
1519 1321 1912 1384 lascivienti?

589 1448 659 1508 In
751 1446 966 1508 fabula
1063 1445 1880 1529 Thesmophoriazusarum
1965 1449 2303 1532 Euripides
2384 1453 2649 1533 eiusque

497 1594 710 1650 socer,
760 1583 1110 1656 postquam
1157 1583 1307 1637 ante
1352 1575 1622 1636 domum
1665 1585 1898 1656 poetae
1923 1575 2295 1657 Agathonis
2318 1589 2647 1655 venerunt,

496 1721 648 1762 eum
717 1701 928 1781 ipsum
996 1699 1356 1782 adspiciunt
1417 1699 1882 1780 ἐκκυκλούμενον
1947 1699 2138 1784 (sicut
2201 1702 2538 1784 Euripides
2588 1704 2649 1764 in

498 1827 713 1889 fabula
740 1825 1316 1908 Acharnensium);
1346 1847 1477 1908 quo
1500 1828 1640 1889 viso
1666 1826 2100 1890 Mnesilochus
2128 1849 2255 1890 non
2278 1838 2495 1910 potest
2521 1850 2647 1891 non

498 1954 864 2016 exclamare
919 1975 1013 2015 vs.
1062 1968 1186 2034 97:

812 2077 956 2142 ἀλλ’
1006 2078 1038 2155 ἢ
1087 2077 1321 2157 τυφλὸς
1368 2080 1484 2159 μέν
1529 2078 1674 2158 εἰμ’·
1724 2083 1849 2158 ἐγὼ
1897 2079 2023 2165 γοὶρ
2071 2080 2189 2160 οὐχ
2236 2085 2345 2167 ὁρῶ

809 2197 972 2281 ἄνδρ’
1021 2193 1204 2257 οὐδέν’
1255 2191 1445 2257 ἐνθάδ’
1495 2198 1679 2267 ὄντα,
1727 2192 2012 2280 Κυρήνην
2057 2193 2109 2257 δ’
2156 2198 2285 2281 ὁρῶ·

610 2309 766 2372 Eur.
813 2312 989 2387 σίγα·
1041 2309 1332 2387 μελῳδεῖν
1380 2305 1462 2370 αὖ
1509 2305 2066 2394 παρασκευάζεται.

611 2439 746 2499 Mn.
797 2439 1108 2521 μύρμηκος
1155 2433 1498 2520 ἀτραπούς,
1549 2433 1582 2510 ἢ
1631 2439 1697 2498 τί
1741 2436 2185 2520 διαμινύρεται;

493 2563 579 2624 ad
605 2562 763 2625 haec
791 2562 1136 2625 scholiasta
1160 2571 1449 2624 annotat:
1469 2563 1545 2632 ὡς
1563 2560 1768 2624 λεπτοὶ
1784 2559 2155 2641 καὶαγκύλα
2174 2560 2649 2648 ἀνακρουομένου

494 2690 656 2770 μέλη
703 2693 812 2752 τοῦ
856 2687 1243 2767 Ἀγαθῶνος·
1291 2691 1574 2751 τοιαῦται
1619 2687 1748 2774 γοὶρ
1796 2691 1865 2750 αἱ
1906 2693 2024 2751 τῶν
2069 2691 2399 2774 μυρμήκων
2422 2691 2557 2753 ὁδοί.

588 2815 756 2897 Quia
801 2815 904 2876 alii
949 2813 1107 2876 alios
1147 2823 1492 2895 sequentes
1529 2814 1668 2875 soni
1709 2814 1935 2876 seriem
1983 2815 2310 2895 quandam
2336 2818 2428 2899 (et
2451 2818 2648 2880 veluti

493 2942 674 3003 vocis
711 2937 858 3026 iter)
894 2941 1194 3017 efficiunt,
1223 2939 1563 3004 artificiosa
1589 2961 1664 3002 ac
1686 2939 1943 3002 subtilia
1968 2943 2251 3004 carmina
2276 2942 2649 3024 Agathonis

495 3069 666 3130 cum‘
694 3069 999 3132 tortuosis
1047 3068 1165 3130 viis
1215 3067 1621 3128 formicarum
1670 3067 2028 3147 comparari
2075 3078 2365 3148 possunt.

590 3195 683 3258 Cs.
761 3193 1154 3256 Pherecratis
1205 3194 1274 3255 fr.
1334 3206 1491 3272 145,
1543 3194 1604 3254 in
1664 3214 1796 3274 quo
1860 3194 2051 3256 Musa
2096 3197 2383 3276 queritur
2442 3207 2647 3259 artem

497 3321 811 3383 musicam
860 3342 899 3382 a
943 3319 1133 3381 variis
1197 3320 1406 3400 poetis
1466 3319 1887 3400 depravatam
1945 3341 2113 3397 esse,
2162 3321 2242 3382 de
2301 3320 2649 3385 Timotheo

496 3457 719 3510 autem
764 3446 1126 3528 praedicat:

766 3573 932 3634 κακοί
981 3595 1083 3652 μοι
1128 3573 1416 3656 παρέχων
1461 3571 1750 3641 ἅπαντας
1797 3569 1964 3642 οὗτος
2012 3571 2108 3640 οὓς
2154 3572 2321 3649 λέγω

768 3695 1127 3784 παρελήλυθ’
1176 3695 1442 3776 ἀγαπῶν
1490 3696 1891 3780 ἐκτραπέλους
1936 3701 2305 3783 μυρμηκίας.

1362 4063 1786 4132 PISCES.

588 4231 658 4291 In
699 4230 984 4310 episodio
1024 4231 1345 4312 Euripidis
1381 4229 1633 4292 fabulae
1671 4228 1939 4309 Telephi
1976 4228 2078 4291 hic
2115 4229 2302 4291 heros
2342 4229 2648 4293 infantem

491 4356 798 4420 Orestem
822 4356 987 4420 clam
1011 4357 1266 4438 surripit
1291 4375 1572 4440 eumque
1596 4375 1665 4416 se
1690 4353 2166 4420 interfecturum
2192 4375 2330 4418 esse
2351 4354 2649 4432 minatur,
