3317 5134
1655 453 1739 518 50

631 647 990 712 Scholiasta
1041 658 1348 712 annotat:
1399 647 1781 734 ἀργέλοφοιε
1823 653 1931 727 τῆς
1993 654 2281 729 μηλωτῆς
2342 653 2397 712 οἱ
2446 652 2637 721 πόδες.
2693 649 2777 714 τοὶ

633 778 926 862 ἄχρηστα
974 777 1183 858 igitur.

721 903 920 966 Paulo
986 912 1138 966 ante
1205 903 1491 986 collegae
1561 904 1730 965 senis
1790 902 1917 964 filio
1978 903 2143 966 hanc
2189 903 2580 966 locutionem
2628 923 2777 983 sug-

631 1038 1000 1110 gesserunt,
1065 1049 1158 1092 VS.
1230 1041 1350 1107 545
1414 1028 1733 1091 dicentes:
1796 1027 1939 1090 Nisi
2000 1029 2257 1106 viceriS,
2315 1027 2781 1109 appellabimur

633 1155 1018 1236 ἀντωμοσιῶν
1063 1153 1334 1235 κελύφη,
1381 1155 1588 1218 litium
1634 1156 1987 1238 putamina.

721 1283 836 1345 Vs,
889 1281 1016 1362 596
1060 1290 1256 1364 poeta
1293 1281 1493 1343 verbo
1547 1283 1933 1366 περιτρώγειν
1981 1281 2182 1344 utitur
2232 1280 2357 1342 alio
2410 1300 2622 1357 sensu,
2668 1280 2781 1360 qui

631 1408 1102 1490 comparandus
1148 1416 1246 1470 est
1290 1409 1505 1490 potius
1550 1427 1700 1470 cum
1748 1415 1969 1470 nostro
2014 1406 2213 1468 verbo
2260 1402 2704 1466 beknibbelen:

634 1571 817 1642 αὐτὸς
862 1569 914 1633 δ’
961 1573 994 1634 0‘
1037 1569 1264 1634 Κλέων
1308 1575 1340 1634 0‘
1381 1571 1846 1657 κεκραξιδάμας
1891 1575 2070 1651 μόνον
2104 1573 2272 1650 ἡμᾶς
2296 1579 2359 1633 οὑ
2395 1572 2779 1656 περιτρώγει,

632 1736 994 1827 Philocleon
1041 1738 1127 1798 ibi
1171 1723 1534 1814 contetfdit,
1583 1757 1754 1819 quae
1811 1737 2095 1801 laudatio
2156 1757 2225 1799 re
2284 1757 2435 1799 vera
2485 1737 2782 1798 nimirum

633 1862 932 1926 acerbam
979 1864 1458 1926 accusationem
1506 1863 1771 1926 includit

722 2141 832 2204 Ex
875 2141 1170 2203 convivio
1216 2140 1542 2222 potatorio
1589 2148 1688 2202 est
1734 2140 2077 2222 desumpta
2126 2138 2539 2222 metaphora,
2582 2159 2780 2220 quam

632 2269 906 2350 legimus
952 2268 1072 2349 Eq.
1127 2288 1221 2329 vs,
1273 2269 1422 2346 887.
1473 2265 1826 2348 PaphlagO,
1868 2287 1906 2329 a
1948 2267 2267 2330 botulario
2306 2275 2784 2348 praetervectus

634 2396 719 2457 ibi
766 2397 1127 2458 exclamat:

813 2549 966 2626 οἴμοι
1009 2545 1250 2616 ταλας,
1300 2547 1432 2614 οἷὀις
1479 2541 1847 2624 πιθηκισμοῖς
1887 2567 1969 2623 με
2015 2546 2429 2629 περιελαύνεις.

635 2711 736 2772 cui
784 2709 945 2772 alter
992 2709 1230 2770 rustico
1277 2708 1389 2768 sed
1437 2706 1667 2772 festivo
1715 2709 1855 2770 ioco
1903 2707 2281 2789 respondet:

814 2862 949 2931 οὔκ,
997 2857 1142 2921 ἀλλ’
1192 2861 1327 2944 ὅπερ
1373 2863 1548 2920 πίνων
1594 2855 1740 2943 ἀνὴρ
1788 2856 2041 2932 πέπονθ’,
2092 2862 2241 2922 ὅταν
2280 2863 2523 2939 χεσείῃ,

813 2990 994 3049 τοῖσιν
1040 2989 1270 3071 τρόποις
1313 2991 1435 3055 τοῖς
1480 2990 1661 3047 σοῖσιν
1706 2988 1897 3071 ὥσπερ
1946 2985 2286 3066 βλαυτίοισι
2321 2992 2592 3071 χρῶμαι.

637 3152 801 3213 sicut
859 3151 932 3231 ii,
1000 3150 1111 3231 qui
1169 3169 1206 3210 e
1274 3149 1570 3211 convivio
1642 3149 1725 3211 ad
1787 3149 2003 3211 alvum
2068 3151 2554 3213 exonerandum
2617 3149 2788 3211 festi-

639 3284 864 3338 nanter
930 3274 1297 3350 discedunt,
1369 3274 1603 3355 raptim
1668 3275 1887 3336 alienis
1944 3275 2131 3337 soleis
2179 3285 2479 3354 utuntur,
2528 3277 2616 3338 ita
2663 3295 2787 3355 ego

640 3401 768 3463 tuis
817 3399 1106 3462 moribus
1147 3409 1316 3462 utor.

726 3525 953 3588 Eccles
1009 3545 1101 3590 vs,
1154 3539 1272 3604 137
1315 3524 1610 3586 mulieres
1647 3545 1687 3586 a
1726 3526 2095 3606 Praxagora
2136 3535 2534 3589 convocatae
2559 3545 2787 3606 parum

639 3650 988 3713 honorifice
1043 3651 1124 3712 de
1184 3651 1331 3712 viris
1392 3651 1455 3711 in
1515 3651 1789 3713 comitiis
1850 3651 2139 3732 publicas
2203 3672 2301 3713 res
2364 3650 2789 3714 tractantibus

641 3777 1014 3860 perhibent:
1890 3752 1897 3759 ’

1620 3901 1707 3963 τοὶ
1752 3904 1901 3981 γοῦν
1938 3901 2346 3984 βουλεύματα

999 4025 1200 4089 αὐτῶν
1247 4026 1334 4088 ὁ’σ’
1383 4025 1459 4088 ἂν
1505 4027 1807 4111 προέέωσιν
1856 4024 2303 4106 ἐνθυμουμένοις

1001 4159 1191 4239 ὥσπερ
1238 4152 1573 4233 μεθυόντων
1622 4152 1751 4216 ἐστὶ
1803 4157 2410 4238 παραπεπληγμένα.

642 4307 695 4368 si
740 4306 884 4387 quis
929 4306 1186 4368 decreta
1230 4325 1658 4387 quaecunque
1707 4305 1944 4368 faciunt
1990 4304 2518 4379 consideraverit,
2560 4304 2792 4364 insana
