3317 5134
1549 505 1586 568 7

500 713 668 774 „ego
714 697 924 756 verius
969 696 1179 759 habeo
1226 701 1591 765 oraculum:

677 830 939 920 φράζευ,
987 829 1363 923 Ἔρεχθείδη,
1412 844 1562 904 κύνα
1609 841 1925 930 Κέρβερον
1973 843 2461 932 ἀνδραποδιστὴν,

678 959 736 1031 ὂς
781 967 966 1046 κέρκῳ
1010 967 1226 1027 σαίνων
1249 967 1326 1039 σ’,
1373 969 1600 1030 ὁπόταν
1644 970 1895 1050 δειπνῇς,
1947 970 2229 1057 ἐπιτηρῶν

680 1087 961 1166 ἐξέδεταί
1003 1112 1089 1152 σοι
1135 1094 1375 1172 τοῦψον,
1430 1096 1580 1157 ὅταν
1625 1098 1699 1157 σύ
1745 1119 1853 1159 που
1900 1098 2124 1162 ἄλλοσε
2173 1098 2449 1179 χάσκῃς,

680 1211 973 1293 ἐσφοιτῶν
1017 1218 1075 1279 τ’
1129 1217 1188 1288 ἐς
1233 1218 1587 1282 τούπτάνιον
1633 1224 1801 1298 λήσει
1844 1244 1909 1284 σε
1956 1223 2199 1299 κυνηδὸν

677 1343 899 1426 νύκτωρ
946 1341 1064 1414 τοὶς
1108 1343 1382 1416 λοπάδας
1427 1349 1529 1408 καὶ
1571 1345 1689 1418 τοὶς
1735 1349 1939 1424 νήσους
1994 1348 2339 1428 διαλείχων.

589 1517 824 1596 „Canis
863 1529 962 1582 est
1000 1521 1294 1584 videlicet
1330 1523 1468 1599 iste,
1505 1524 1617 1585 sed
1641 1524 1890 1605 qualis?
1915 1525 2324 1587 Praesentem
2348 1535 2413 1588 te
2440 1525 2646 1587 cauda

498 1644 814 1723 adulatur,
855 1646 1107 1710 absenti
1144 1668 1298 1709 vero
1337 1649 1515 1710 cibos
1555 1650 1670 1712 tibi
1708 1650 1962 1732 surripit
2001 1660 2067 1714 et
2104 1635 2167 1712 ir'i
2207 1651 2416 1713 culina
2451 1660 2646 1712 noctu

499 1772 752 1852 patinas
797 1772 1169 1836 delambit.''

589 1897 912 1979 Compara
958 1899 1136 1961 litem
1181 1900 1653 1963 festivissimam
1716 1903 1778 1963 in
1824 1902 2040 1965 fabula
2084 1903 2484 1984 Vesparum,
2539 1901 2648 1963 ubi

498 2023 684 2086 furax
730 2026 1014 2088 canicula
1058 2063 1148 2071 —
1192 2026 1254 2087 id
1302 2036 1399 2089 est
1445 2026 1729 2104 LacheS,
1781 2029 1876 2089 vir
1920 2028 2279 2109 praetorius
2311 2063 2407 2118 .—
2470 2046 2650 2106 repe-

499 2150 847 2212 tundarum
894 2151 1300 2214 insimulatur
1342 2153 1427 2214 ab
1472 2153 1674 2216 altero
1720 2174 1913 2230 cane,
1963 2190 2051 2200 —
2097 2174 2136 2215 a
2182 2153 2422 2217 Cleone
2470 2153 2651 2214 nimi-

501 2297 641 2338 rum
689 2297 808 2354 —3
859 2287 1196 2340 accusator
1241 2288 1462 2341 autem
1509 2300 1603 2341 VS.
1652 2297 1785 2361 904
1852 2274 2114 2342 dicitur:

678 2426 900 2517 ἀγαθός
946 2430 1015 2508 γ’
1057 2431 1342 2493 ὑλακτεῖν
1369 2429 1475 2516 (¹)
1523 2433 1630 2496 κα)
1670 2432 2000 2511 διαλείχειν
2046 2430 2164 2502 τοὶς
2210 2432 2469 2516 χύτρας.

589 2609 843 2691 Nempe
906 2607 1100 2670 nihilo
1159 2609 1584 2672 continentior
1630 2619 1767 2672 erat
1826 2610 1963 2690 ipse
2006 2629 2204 2690 quam
2252 2629 2430 2685 reuS,
2478 2617 2651 2670 certe

502 2735 552 2796 si
599 2735 846 2835 comico
895 2735 1284 2796 credendum
1332 2743 1449 2797 est.
1730 2820 1739 2829 .

591 2859 931 2920 Neminem
993 2869 1324 2940 praeterea
1383 2859 1579 2940 sugit,
1638 2861 1867 2938 credo,
1930 2879 2129 2942 quam
2189 2859 2395 2940 lepide
2455 2869 2652 2940 poeta

501 2987 775 3049 abusum
815 2988 1372 3068 comparationum
1419 3008 1505 3049 ex
1551 2988 1924 3050 animalium
1965 2989 2098 3050 vita
2135 2988 2649 3069 desumptarum,

500 3114 609 3194 qui
656 3113 915 3176 dictioni
962 3113 1368 3175 oraculorum
1416 3114 1711 3195 proprius
1760 3123 1895 3186 est,
1944 3114 2006 3173 in
2056 3112 2386 3174 ridiculum
2435 3113 2650 3174 detor-

501 3238 682 3315 serit;
725 3237 800 3300 cs.
843 3239 984 3300 Pac.
1030 3258 1122 3300 vs,
1175 3238 1337 3317 1065
1384 3259 1481 3320 sq.
1523 3238 1912 3319 Antiquitus
1945 3236 2242 3298 nimirum
2266 3237 2395 3297 veri
2418 3244 2652 3317 poetae

502 3384 576 3425 ac
622 3374 805 3425 vates
851 3384 1000 3426 cum
1049 3365 1330 3446 undique
1377 3385 1461 3427 ex
1509 3384 1724 3426 rerum
1773 3373 2001 3426 natura
2048 3362 2349 3445 pulchras
2387 3383 2651 3444 compa-

501 3490 781 3551 rationes
842 3490 1213 3552 instituendi
1276 3499 1613 3572 captarent
1677 3491 2081 3566 occasiones,
2147 3509 2233 3550 ex
2281 3487 2650 3550 animalium

502 3635 765 3696 quoque
827 3615 1011 3677 variis
1074 3616 1416 3696 generibus
1472 3637 1581 3678 eas
1627 3617 1861 3678 ducere
1922 3615 2251 3690 solebant,
2298 3622 2366 3675 at
2413 3613 2652 3694 posteri

501 3739 655 3800 dum
703 3760 904 3821 pravo
951 3740 1167 3803 studio
1213 3761 1323 3802 eos
1372 3742 1790 3804 imitabantur
1828 3741 2181 3803 absurdum
2222 3739 2420 3801 fiebat
2444 3758 2649 3820 genus

501 3866 823 3946 loquendi.

572 4115 634 4180 (¹)
674 4115 751 4168 Cf.
803 4117 1068 4182 Eupolidis
1100 4116 1160 4166 fr.
1197 4126 1333 4177 207:

971 4205 1210 4270 (Rhetor)
1248 4214 1514 4276 Συρακόσιος
1550 4205 1741 4271 δ’ἕοικεν,
1787 4205 1897 4265 ἡνίκ’
1930 4215 1984 4259 ἂν
2018 4211 2147 4277 λέγῃ,

964 4308 1060 4357 τοῖς
1095 4301 1319 4351 κυνιδίοισι
1353 4306 1493 4349 τοῖσιν
1521 4302 1596 4350 ἐπὶ
1638 4311 1726 4350 τῶν
1757 4302 1956 4366 τειχέων.

967 4397 1145 4458 ἀναβὰς
1178 4396 1270 4456 γὰρ
1304 4394 1378 4440 ἐπὶ
1413 4395 1466 4440 τὸ
1498 4387 1627 4454 βῆμ’
1658 4394 1842 4442 ὑλακτεῖ
1878 4398 2178 4460 περιτρέχων.
