<?xml version="1.0" encoding="UTF-8"?>
<!DOCTYPE html PUBLIC "-//W3C//DTD XHTML 1.0 Transitional//EN"
    "http://www.w3.org/TR/xhtml1/DTD/xhtml1-transitional.dtd">
<html xmlns="http://www.w3.org/1999/xhtml" xml:lang="en" lang="en">
 <head>
  <title>
</title>
<meta http-equiv="Content-Type" content="text/html;charset=utf-8" />
  <meta name='ocr-system' content='tesseract 3.04.00' />
  <meta name='ocr-capabilities' content='ocr_page ocr_carea ocr_par ocr_line ocrx_word'/>
</head>
<body>
  <div class='ocr_page' id='page_1' title='image "./metaphoraearist00noorgoog/metaphoraearist00noorgoog_0052.png"; bbox 0 0 3317 5134; ppageno 0'>
   <div class='ocr_carea' id='block_1_1' title="bbox 1682 493 1771 553">
    <p class='ocr_par' dir='ltr' id='par_1_1' title="bbox 1682 493 1771 553">
     <span class='ocr_line' id='line_1_1' title="bbox 1682 493 1771 553; baseline 0 -15"><span class='ocrx_word' id='word_1_1' title='bbox 1682 493 1771 553; x_wconf 93' lang='lat'><strong>40</strong></span> 
     </span>
    </p>
   </div>
   <div class='ocr_carea' id='block_1_2' title="bbox 649 669 2802 766">
    <p class='ocr_par' dir='ltr' id='par_1_2' title="bbox 649 669 2802 766">
     <span class='ocr_line' id='line_1_2' title="bbox 649 669 2802 766; baseline 0 -19"><span class='ocrx_word' id='word_1_2' title='bbox 649 707 790 748; x_wconf 86' lang='lat' dir='ltr'><strong>esse</strong></span> <span class='ocrx_word' id='word_1_3' title='bbox 835 669 1113 766; x_wconf 54' lang='lat' dir='ltr'><strong>probunt</strong></span> <span class='ocrx_word' id='word_1_4' title='bbox 1159 687 1314 766; x_wconf 83' lang='lat' dir='ltr'><strong>LyS.</strong></span> <span class='ocrx_word' id='word_1_5' title='bbox 1366 706 1458 748; x_wconf 79' lang='lat' dir='ltr'><strong>vs,</strong></span> <span class='ocrx_word' id='word_1_6' title='bbox 1504 698 1632 764; x_wconf 85' lang='lat'><strong>475</strong></span> <span class='ocrx_word' id='word_1_7' title='bbox 1685 706 1780 766; x_wconf 86' lang='lat' dir='ltr'><strong>sq.</strong></span> <span class='ocrx_word' id='word_1_8' title='bbox 1820 684 1987 748; x_wconf 85' lang='lat' dir='ltr'><strong>Sunt</strong></span> <span class='ocrx_word' id='word_1_9' title='bbox 2023 685 2221 748; x_wconf 83' lang='lat' dir='ltr'><strong>verba</strong></span> <span class='ocrx_word' id='word_1_10' title='bbox 2258 684 2434 749; x_wconf 90' lang='lat' dir='ltr'><strong>chori</strong></span> <span class='ocrx_word' id='word_1_11' title='bbox 2459 673 2802 749; x_wconf 83' lang='lat' dir='ltr'><strong>mulierum</strong></span> 
     </span>
    </p>
   </div>
   <div class='ocr_carea' id='block_1_3' title="bbox 649 810 2101 890">
    <p class='ocr_par' dir='ltr' id='par_1_3' title="bbox 649 810 2101 890">
     <span class='ocr_line' id='line_1_3' title="bbox 649 810 2101 890; baseline 0 -17"><span class='ocrx_word' id='word_1_12' title='bbox 649 832 875 874; x_wconf 87' lang='lat' dir='ltr'><strong>senum</strong></span> <span class='ocrx_word' id='word_1_13' title='bbox 921 812 1117 874; x_wconf 89' lang='lat' dir='ltr'><strong>choro</strong></span> <span class='ocrx_word' id='word_1_14' title='bbox 1163 812 1366 875; x_wconf 85' lang='lat' dir='ltr'><strong>dicta:</strong></span> <span class='ocrx_word' id='word_1_15' title='bbox 1416 811 1638 890; x_wconf 85' lang='lat' dir='ltr'><strong>„Bello</strong></span> <span class='ocrx_word' id='word_1_16' title='bbox 1686 810 2025 874; x_wconf 84' lang='lat' dir='ltr'><strong>abstinebo</strong></span> <span class='ocrx_word' id='word_1_17' title='bbox 2044 810 2101 888; x_wconf 86' lang='lat'><strong>,&#39;&#39;</strong></span> 
     </span>
    </p>
   </div>
   <div class='ocr_carea' id='block_1_4' title="bbox 829 960 2468 1049">
    <p class='ocr_par' dir='ltr' id='par_1_4' title="bbox 829 960 2468 1049">
     <span class='ocr_line' id='line_1_4' title="bbox 829 960 2468 1049; baseline 0.001 -25"><span class='ocrx_word' id='word_1_18' title='bbox 829 961 896 1037; x_wconf 70' lang='grc' dir='ltr'><strong>ἢν</strong></span> <span class='ocrx_word' id='word_1_19' title='bbox 942 965 1030 1042; x_wconf 70' lang='grc' dir='ltr'><strong>μή</strong></span> <span class='ocrx_word' id='word_1_20' title='bbox 1078 985 1169 1034; x_wconf 83' lang='grc' dir='ltr'><strong>τις</strong></span> <span class='ocrx_word' id='word_1_21' title='bbox 1213 965 1404 1047; x_wconf 81' lang='grc' dir='ltr'><em>ὥσπερ</em></span> <span class='ocrx_word' id='word_1_22' title='bbox 1449 960 1717 1042; x_wconf 75' lang='grc' dir='ltr'><strong>σφηκιοὶν</strong></span> <span class='ocrx_word' id='word_1_23' title='bbox 1764 961 1991 1044; x_wconf 73' lang='grc' dir='ltr'>βλίττη</span> <span class='ocrx_word' id='word_1_24' title='bbox 2038 987 2119 1043; x_wconf 89' lang='grc' dir='ltr'><strong>με</strong></span> <span class='ocrx_word' id='word_1_25' title='bbox 2167 962 2468 1049; x_wconf 64' lang='grc' dir='ltr'><em>κάρεθίζῃ.</em></span> 
     </span>
    </p>
   </div>
   <div class='ocr_carea' id='block_1_5' title="bbox 739 1163 2803 1262">
    <p class='ocr_par' dir='ltr' id='par_1_5' title="bbox 739 1163 2803 1262">
     <span class='ocr_line' id='line_1_5' title="bbox 739 1163 2803 1262; baseline 0.001 -36"><span class='ocrx_word' id='word_1_26' title='bbox 739 1165 904 1230; x_wconf 90' lang='lat' dir='ltr'><strong>Plut.</strong></span> <span class='ocrx_word' id='word_1_27' title='bbox 932 1185 1024 1226; x_wconf 78' lang='lat' dir='ltr'><strong>vs,</strong></span> <span class='ocrx_word' id='word_1_28' title='bbox 1057 1179 1176 1243; x_wconf 87' lang='lat'><strong>301</strong></span> <span class='ocrx_word' id='word_1_29' title='bbox 1223 1163 1457 1226; x_wconf 87' lang='lat' dir='ltr'><strong>chorus</strong></span> <span class='ocrx_word' id='word_1_30' title='bbox 1496 1167 1557 1225; x_wconf 91' lang='lat' dir='ltr'><strong>in</strong></span> <span class='ocrx_word' id='word_1_31' title='bbox 1596 1163 1836 1226; x_wconf 80' lang='lat' dir='ltr'><strong>lascivo</strong></span> <span class='ocrx_word' id='word_1_32' title='bbox 1860 1164 1967 1262; x_wconf 89' lang='lat' dir='ltr'><strong>illo</strong></span> <span class='ocrx_word' id='word_1_33' title='bbox 1989 1166 2258 1242; x_wconf 76' lang='lat' dir='ltr'><strong>cautim,</strong></span> <span class='ocrx_word' id='word_1_34' title='bbox 2286 1187 2417 1246; x_wconf 92' lang='lat' dir='ltr'><strong>quo</strong></span> <span class='ocrx_word' id='word_1_35' title='bbox 2444 1165 2803 1248; x_wconf 85' lang='lat' dir='ltr'>Cyclopem</span> 
     </span>
    </p>
   </div>
   <div class='ocr_carea' id='block_1_6' title="bbox 651 1290 2805 1373">
    <p class='ocr_par' dir='ltr' id='par_1_6' title="bbox 651 1290 2805 1373">
     <span class='ocr_line' id='line_1_6' title="bbox 651 1290 2805 1373; baseline 0.001 -21"><span class='ocrx_word' id='word_1_36' title='bbox 651 1291 929 1368; x_wconf 86' lang='lat' dir='ltr'>deridet,</span> <span class='ocrx_word' id='word_1_37' title='bbox 969 1290 1190 1371; x_wconf 88' lang='lat' dir='ltr'><strong>palum</strong></span> <span class='ocrx_word' id='word_1_38' title='bbox 1237 1298 1522 1366; x_wconf 85' lang='lat' dir='ltr'><strong>acutum,</strong></span> <span class='ocrx_word' id='word_1_39' title='bbox 1571 1309 1703 1370; x_wconf 94' lang='lat' dir='ltr'><strong>quo</strong></span> <span class='ocrx_word' id='word_1_40' title='bbox 1751 1291 1886 1352; x_wconf 89' lang='lat' dir='ltr'><strong>eius</strong></span> <span class='ocrx_word' id='word_1_41' title='bbox 1932 1290 2190 1353; x_wconf 88' lang='lat' dir='ltr'><strong>oculum</strong></span> <span class='ocrx_word' id='word_1_42' title='bbox 2237 1291 2637 1373; x_wconf 84' lang='lat' dir='ltr'><strong>perfossurus</strong></span> <span class='ocrx_word' id='word_1_43' title='bbox 2685 1303 2805 1370; x_wconf 87' lang='lat' dir='ltr'><strong>est,</strong></span> 
     </span>
    </p>
   </div>
   <div class='ocr_carea' id='block_1_7' title="bbox 651 1413 1344 1498">
    <p class='ocr_par' dir='ltr' id='par_1_7' title="bbox 651 1413 1344 1498">
     <span class='ocr_line' id='line_1_7' title="bbox 651 1413 1344 1498; baseline 0 -20"><span class='ocrx_word' id='word_1_44' title='bbox 651 1413 981 1495; x_wconf 87' lang='grc' dir='ltr'><em>σφηκίσκον</em></span> <span class='ocrx_word' id='word_1_45' title='bbox 1027 1414 1344 1498; x_wconf 85' lang='lat' dir='ltr'><strong>appellat:</strong></span> 
     </span>
    </p>
   </div>
   <div class='ocr_carea' id='block_1_8' title="bbox 1450 1550 2312 1634">
    <p class='ocr_par' dir='ltr' id='par_1_8' title="bbox 1450 1550 2312 1634">
     <span class='ocr_line' id='line_1_8' title="bbox 1450 1550 2312 1634; baseline -0.002 -16"><span class='ocrx_word' id='word_1_46' title='bbox 1450 1550 1792 1634; x_wconf 78' lang='grc' dir='ltr'><strong>ζητήσομεν</strong></span> <span class='ocrx_word' id='word_1_47' title='bbox 1837 1553 1941 1616; x_wconf 83' lang='grc' dir='ltr'><strong>τὸν</strong></span> <span class='ocrx_word' id='word_1_48' title='bbox 1985 1552 2312 1617; x_wconf 73' lang='grc' dir='ltr'><strong>Κύκλωπα</strong></span> 
     </span>
    </p>
   </div>
   <div class='ocr_carea' id='block_1_9' title="bbox 786 1676 2500 1760">
    <p class='ocr_par' dir='ltr' id='par_1_9' title="bbox 786 1676 2500 1760">
     <span class='ocr_line' id='line_1_9' title="bbox 786 1676 2500 1760; baseline 0.001 -20"><span class='ocrx_word' id='word_1_49' title='bbox 786 1680 1000 1758; x_wconf 78' lang='grc' dir='ltr'>μέγαν</span> <span class='ocrx_word' id='word_1_50' title='bbox 1047 1677 1350 1760; x_wconf 76' lang='grc' dir='ltr'><strong>λαβόντες</strong></span> <span class='ocrx_word' id='word_1_51' title='bbox 1396 1679 1667 1758; x_wconf 75' lang='grc' dir='ltr'>ἡμμένον</span> <span class='ocrx_word' id='word_1_52' title='bbox 1714 1676 2040 1758; x_wconf 72' lang='grc' dir='ltr'><em>σφηκίσκον</em></span> <span class='ocrx_word' id='word_1_53' title='bbox 2088 1677 2500 1759; x_wconf 81' lang='grc' dir='ltr'><strong>ἐκτυφλῶσαι.</strong></span> 
     </span>
    </p>
   </div>
   <div class='ocr_carea' id='block_1_10' title="bbox 743 1841 2805 1926">
    <p class='ocr_par' dir='ltr' id='par_1_10' title="bbox 743 1841 2805 1926">
     <span class='ocr_line' id='line_1_10' title="bbox 743 1841 2805 1926; baseline 0.002 -25"><span class='ocrx_word' id='word_1_54' title='bbox 743 1843 812 1902; x_wconf 83' lang='lat' dir='ltr'><strong>In</strong></span> <span class='ocrx_word' id='word_1_55' title='bbox 877 1841 1102 1902; x_wconf 88' lang='lat' dir='ltr'><strong>eadem</strong></span> <span class='ocrx_word' id='word_1_56' title='bbox 1164 1841 1380 1903; x_wconf 82' lang='lat' dir='ltr'><strong>fabula</strong></span> <span class='ocrx_word' id='word_1_57' title='bbox 1441 1843 1632 1903; x_wconf 86' lang='lat' dir='ltr'><strong>Penia</strong></span> <span class='ocrx_word' id='word_1_58' title='bbox 1678 1843 1826 1905; x_wconf 90' lang='lat' dir='ltr'><strong>dicit</strong></span> <span class='ocrx_word' id='word_1_59' title='bbox 1873 1864 1963 1905; x_wconf 77' lang='lat' dir='ltr'><strong>vs,</strong></span> <span class='ocrx_word' id='word_1_60' title='bbox 2021 1843 2181 1922; x_wconf 84' lang='lat'><strong>562:</strong></span> <span class='ocrx_word' id='word_1_61' title='bbox 2246 1845 2497 1926; x_wconf 84' lang='lat' dir='ltr'>„Apud</span> <span class='ocrx_word' id='word_1_62' title='bbox 2542 1845 2805 1908; x_wconf 87' lang='lat' dir='ltr'><strong>Plutum</strong></span> 
     </span>
    </p>
   </div>
   <div class='ocr_carea' id='block_1_11' title="bbox 605 1965 2808 2680">
    <p class='ocr_par' dir='ltr' id='par_1_11' title="bbox 605 1965 2808 2680">
     <span class='ocr_line' id='line_1_11' title="bbox 653 1965 2251 2050; baseline 0.002 -22"><span class='ocrx_word' id='word_1_63' title='bbox 653 1967 1001 2049; x_wconf 84' lang='lat' dir='ltr'>podagrosi</span> <span class='ocrx_word' id='word_1_64' title='bbox 1045 1965 1338 2028; x_wconf 86' lang='lat' dir='ltr'><strong>homines</strong></span> <span class='ocrx_word' id='word_1_65' title='bbox 1384 1967 1548 2030; x_wconf 89' lang='lat' dir='ltr'><strong>fiunt</strong></span> <span class='ocrx_word' id='word_1_66' title='bbox 1591 1989 1668 2030; x_wconf 82' lang='lat' dir='ltr'><strong>ac</strong></span> <span class='ocrx_word' id='word_1_67' title='bbox 1714 1969 1899 2030; x_wconf 87' lang='lat' dir='ltr'><strong>nimis</strong></span> <span class='ocrx_word' id='word_1_68' title='bbox 1946 1970 2251 2050; x_wconf 85' lang='lat' dir='ltr'><strong>pingueS‚</strong></span> 
     </span>
     <span class='ocr_line' id='line_1_12' title="bbox 605 2128 2808 2226; baseline 0.003 -34"><span class='ocrx_word' id='word_1_69' title='bbox 605 2223 610 2226; x_wconf 21' lang='grc' dir='ltr'>Ι</span> <span class='ocrx_word' id='word_1_70' title='bbox 655 2129 795 2216; x_wconf 73' lang='grc' dir='ltr'><em>παρ’</em></span> <span class='ocrx_word' id='word_1_71' title='bbox 848 2129 984 2209; x_wconf 77' lang='grc' dir='ltr'>ἐμοὶ</span> <span class='ocrx_word' id='word_1_72' title='bbox 1019 2131 1072 2192; x_wconf 72' lang='grc' dir='ltr'><strong>δ’</strong></span> <span class='ocrx_word' id='word_1_73' title='bbox 1115 2133 1316 2211; x_wconf 73' lang='grc' dir='ltr'><strong>ἰσχνοὶ</strong></span> <span class='ocrx_word' id='word_1_74' title='bbox 1351 2134 1456 2193; x_wconf 80' lang='grc' dir='ltr'><strong>κοιὶ</strong></span> <span class='ocrx_word' id='word_1_75' title='bbox 1491 2128 1825 2210; x_wconf 72' lang='grc' dir='ltr'><em>σφηκώδεις</em></span> <span class='ocrx_word' id='word_1_76' title='bbox 1850 2128 1947 2216; x_wconf 88' lang='lat'><strong>(¹)</strong></span> <span class='ocrx_word' id='word_1_77' title='bbox 1984 2134 2093 2194; x_wconf 75' lang='grc' dir='ltr'><strong>καὶ</strong></span> <span class='ocrx_word' id='word_1_78' title='bbox 2126 2138 2247 2204; x_wconf 86' lang='grc' dir='ltr'>τοῖς</span> <span class='ocrx_word' id='word_1_79' title='bbox 2287 2131 2516 2219; x_wconf 75' lang='grc' dir='ltr'><em>ἐχθροῖς</em></span> <span class='ocrx_word' id='word_1_80' title='bbox 2554 2132 2808 2221; x_wconf 76' lang='grc' dir='ltr'><strong>ἀνιαροί.</strong></span> 
     </span>
     <span class='ocr_line' id='line_1_13' title="bbox 655 2283 1603 2365; baseline -0.003 -17"><span class='ocrx_word' id='word_1_81' title='bbox 655 2283 1039 2365; x_wconf 77' lang='lat' dir='ltr'><strong>Chremylus</strong></span> <span class='ocrx_word' id='word_1_82' title='bbox 1085 2293 1311 2345; x_wconf 85' lang='lat' dir='ltr'><strong>eontra</strong></span> <span class='ocrx_word' id='word_1_83' title='bbox 1363 2284 1603 2364; x_wconf 90' lang='lat' dir='ltr'><strong>lepide:</strong></span> 
     </span>
     <span class='ocr_line' id='line_1_14' title="bbox 745 2430 2700 2522; baseline 0.002 -26"><span class='ocrx_word' id='word_1_84' title='bbox 745 2432 863 2496; x_wconf 79' lang='grc' dir='ltr'><strong>ἀπὸ</strong></span> <span class='ocrx_word' id='word_1_85' title='bbox 912 2437 1018 2496; x_wconf 80' lang='grc' dir='ltr'><strong>τοῦ</strong></span> <span class='ocrx_word' id='word_1_86' title='bbox 1067 2437 1248 2512; x_wconf 78' lang='grc' dir='ltr'>λιμοῦ</span> <span class='ocrx_word' id='word_1_87' title='bbox 1283 2433 1412 2518; x_wconf 76' lang='grc' dir='ltr'><strong>γοὶρ</strong></span> <span class='ocrx_word' id='word_1_88' title='bbox 1455 2436 1586 2504; x_wconf 77' lang='grc' dir='ltr'><em>ἴσως</em></span> <span class='ocrx_word' id='word_1_89' title='bbox 1623 2433 1829 2504; x_wconf 73' lang='grc' dir='ltr'>αὐτοῖς</span> <span class='ocrx_word' id='word_1_90' title='bbox 1865 2434 1935 2497; x_wconf 78' lang='grc' dir='ltr'><strong>τὸ</strong></span> <span class='ocrx_word' id='word_1_91' title='bbox 1971 2430 2281 2513; x_wconf 78' lang='grc' dir='ltr'><em>σφηκῶδες</em></span> <span class='ocrx_word' id='word_1_92' title='bbox 2318 2435 2391 2497; x_wconf 73' lang='grc' dir='ltr'><strong>σε)</strong></span> <span class='ocrx_word' id='word_1_93' title='bbox 2432 2435 2700 2522; x_wconf 73' lang='grc' dir='ltr'><em>πορίζεις.</em></span> 
     </span>
     <span class='ocr_line' id='line_1_15' title="bbox 743 2596 2405 2680; baseline 0.001 -19"><span class='ocrx_word' id='word_1_94' title='bbox 743 2600 943 2680; x_wconf 78' lang='lat' dir='ltr'><strong>Vesp.</strong></span> <span class='ocrx_word' id='word_1_95' title='bbox 993 2619 1086 2660; x_wconf 79' lang='lat' dir='ltr'><strong>vs,</strong></span> <span class='ocrx_word' id='word_1_96' title='bbox 1147 2611 1265 2676; x_wconf 91' lang='lat'><strong>107</strong></span> <span class='ocrx_word' id='word_1_97' title='bbox 1314 2617 1536 2659; x_wconf 86' lang='lat' dir='ltr'><strong>servus</strong></span> <span class='ocrx_word' id='word_1_98' title='bbox 1585 2596 1667 2659; x_wconf 93' lang='lat' dir='ltr'><strong>de</strong></span> <span class='ocrx_word' id='word_1_99' title='bbox 1712 2597 2114 2660; x_wconf 87' lang='lat' dir='ltr'><strong>Philocleone</strong></span> <span class='ocrx_word' id='word_1_100' title='bbox 2161 2608 2405 2662; x_wconf 80' lang='lat' dir='ltr'><strong>narrat:</strong></span> 
     </span>
    </p>
   </div>
   <div class='ocr_carea' id='block_1_12' title="bbox 921 2762 2444 2976">
    <p class='ocr_par' dir='ltr' id='par_1_12' title="bbox 921 2762 2444 2976">
     <span class='ocr_line' id='line_1_16' title="bbox 922 2762 2444 2848; baseline -0.001 -21"><span class='ocrx_word' id='word_1_101' title='bbox 922 2764 1029 2827; x_wconf 79' lang='grc' dir='ltr'><strong>ὑπὸ</strong></span> <span class='ocrx_word' id='word_1_102' title='bbox 1077 2763 1393 2833; x_wconf 75' lang='grc' dir='ltr'><strong>δυσκολίας</strong></span> <span class='ocrx_word' id='word_1_103' title='bbox 1439 2762 1491 2824; x_wconf 74' lang='grc' dir='ltr'><strong>δ’</strong></span> <span class='ocrx_word' id='word_1_104' title='bbox 1543 2763 1736 2825; x_wconf 75' lang='grc' dir='ltr'><em>ἅπασι</em></span> <span class='ocrx_word' id='word_1_105' title='bbox 1776 2766 1965 2842; x_wconf 80' lang='grc' dir='ltr'>τιμῶν</span> <span class='ocrx_word' id='word_1_106' title='bbox 2012 2763 2121 2840; x_wconf 81' lang='grc' dir='ltr'><strong>την</strong></span> <span class='ocrx_word' id='word_1_107' title='bbox 2168 2763 2444 2848; x_wconf 78' lang='grc' dir='ltr'><strong>μοικροὶν,</strong></span> 
     </span>
     <span class='ocr_line' id='line_1_17' title="bbox 921 2887 2299 2976; baseline -0.001 -23"><span class='ocrx_word' id='word_1_108' title='bbox 921 2896 1112 2976; x_wconf 78' lang='grc' dir='ltr'><em>ὥσπερ</em></span> <span class='ocrx_word' id='word_1_109' title='bbox 1159 2887 1406 2969; x_wconf 85' lang='grc' dir='ltr'>μέλιττ’</span> <span class='ocrx_word' id='word_1_110' title='bbox 1456 2888 1488 2964; x_wconf 71' lang='grc' dir='ltr'>ἢ</span> <span class='ocrx_word' id='word_1_111' title='bbox 1537 2888 1876 2971; x_wconf 76' lang='grc' dir='ltr'>βομβυλιὸς</span> <span class='ocrx_word' id='word_1_112' title='bbox 1922 2890 2299 2974; x_wconf 76' lang='grc' dir='ltr'><strong>εἰσέρχεται,</strong></span> 
     </span>
    </p>
   </div>
   <div class='ocr_carea' id='block_1_13' title="bbox 923 3013 2254 3102">
    <p class='ocr_par' dir='ltr' id='par_1_13' title="bbox 923 3013 2254 3102">
     <span class='ocr_line' id='line_1_18' title="bbox 923 3013 2254 3102; baseline -0.001 -22"><span class='ocrx_word' id='word_1_113' title='bbox 923 3019 1030 3088; x_wconf 63' lang='grc' dir='ltr'><strong>ὑπὸ</strong></span> <span class='ocrx_word' id='word_1_114' title='bbox 1078 3024 1200 3087; x_wconf 79' lang='grc' dir='ltr'>τοῖς</span> <span class='ocrx_word' id='word_1_115' title='bbox 1247 3017 1406 3095; x_wconf 69' lang='grc' dir='ltr'>ὄνυξι</span> <span class='ocrx_word' id='word_1_116' title='bbox 1471 3016 1641 3102; x_wconf 81' lang='grc' dir='ltr'><strong>κηρὸν</strong></span> <span class='ocrx_word' id='word_1_117' title='bbox 1687 3013 2254 3095; x_wconf 74' lang='grc' dir='ltr'><strong>ἀναπεπλασμένος.</strong></span> 
     </span>
    </p>
   </div>
   <div class='ocr_carea' id='block_1_14' title="bbox 652 3178 2814 4140">
    <p class='ocr_par' dir='ltr' id='par_1_14' title="bbox 653 3178 2809 3646">
     <span class='ocr_line' id='line_1_19' title="bbox 743 3178 2809 3264; baseline -0 -19"><span class='ocrx_word' id='word_1_118' title='bbox 743 3185 1043 3245; x_wconf 84' lang='lat' dir='ltr'><strong>Morosus</strong></span> <span class='ocrx_word' id='word_1_119' title='bbox 1105 3199 1361 3261; x_wconf 86' lang='lat' dir='ltr'><strong>semper</strong></span> <span class='ocrx_word' id='word_1_120' title='bbox 1421 3180 1684 3260; x_wconf 82' lang='lat' dir='ltr'><strong>longam</strong></span> <span class='ocrx_word' id='word_1_121' title='bbox 1746 3179 1980 3240; x_wconf 87' lang='lat' dir='ltr'><strong>lineam</strong></span> <span class='ocrx_word' id='word_1_122' title='bbox 2058 3178 2217 3264; x_wconf 83' lang='lat' dir='ltr'><strong>(qua</strong></span> <span class='ocrx_word' id='word_1_123' title='bbox 2284 3182 2521 3242; x_wconf 84' lang='lat' dir='ltr'><strong>iudices</strong></span> <span class='ocrx_word' id='word_1_124' title='bbox 2569 3183 2809 3245; x_wconf 77' lang='lat' dir='ltr'>indica—</span> 
     </span>
     <span class='ocr_line' id='line_1_20' title="bbox 653 3304 2809 3386; baseline -0.008 -11"><span class='ocrx_word' id='word_1_125' title='bbox 653 3313 814 3375; x_wconf 80' lang='lat' dir='ltr'><strong>bant</strong></span> <span class='ocrx_word' id='word_1_126' title='bbox 865 3330 1048 3371; x_wconf 89' lang='lat' dir='ltr'><strong>reum</strong></span> <span class='ocrx_word' id='word_1_127' title='bbox 1088 3304 1650 3370; x_wconf 86' lang='lat' dir='ltr'><strong>condemnandum</strong></span> <span class='ocrx_word' id='word_1_128' title='bbox 1702 3304 1869 3385; x_wconf 84' lang='lat' dir='ltr'><strong>esse)</strong></span> <span class='ocrx_word' id='word_1_129' title='bbox 1913 3326 2128 3386; x_wconf 84' lang='lat' dir='ltr'><strong>ungue</strong></span> <span class='ocrx_word' id='word_1_130' title='bbox 2174 3306 2235 3367; x_wconf 90' lang='lat' dir='ltr'><strong>in</strong></span> <span class='ocrx_word' id='word_1_131' title='bbox 2285 3316 2591 3369; x_wconf 81' lang='lat' dir='ltr'><strong>tesseram</strong></span> <span class='ocrx_word' id='word_1_132' title='bbox 2618 3329 2809 3371; x_wconf 67' lang='lat' dir='ltr'><strong>suam</strong></span> 
     </span>
     <span class='ocr_line' id='line_1_21' title="bbox 653 3430 2806 3516; baseline -0.003 -14"><span class='ocrx_word' id='word_1_133' title='bbox 653 3440 829 3502; x_wconf 88' lang='lat' dir='ltr'><strong>ducit</strong></span> <span class='ocrx_word' id='word_1_134' title='bbox 897 3446 964 3500; x_wconf 88' lang='lat' dir='ltr'><strong>et</strong></span> <span class='ocrx_word' id='word_1_135' title='bbox 1031 3445 1370 3516; x_wconf 83' lang='lat' dir='ltr'><strong>tamquam</strong></span> <span class='ocrx_word' id='word_1_136' title='bbox 1439 3430 1576 3513; x_wconf 85' lang='lat' dir='ltr'>apis</span> <span class='ocrx_word' id='word_1_137' title='bbox 1659 3430 1762 3493; x_wconf 88' lang='lat' dir='ltr'><strong>vel</strong></span> <span class='ocrx_word' id='word_1_138' title='bbox 1831 3431 2201 3511; x_wconf 86' lang='lat' dir='ltr'><strong>bombylius</strong></span> <span class='ocrx_word' id='word_1_139' title='bbox 2268 3432 2537 3494; x_wconf 91' lang='lat' dir='ltr'><strong>domum</strong></span> <span class='ocrx_word' id='word_1_140' title='bbox 2608 3435 2806 3513; x_wconf 87' lang='lat' dir='ltr'><strong>redit,</strong></span> 
     </span>
     <span class='ocr_line' id='line_1_22' title="bbox 656 3558 1494 3646; baseline -0.011 -19"><span class='ocrx_word' id='word_1_141' title='bbox 656 3563 985 3646; x_wconf 85' lang='lat' dir='ltr'><strong>unguibus</strong></span> <span class='ocrx_word' id='word_1_142' title='bbox 1033 3581 1179 3623; x_wconf 85' lang='lat' dir='ltr'><strong>cera</strong></span> <span class='ocrx_word' id='word_1_143' title='bbox 1225 3558 1494 3621; x_wconf 85' lang='lat' dir='ltr'><strong>sublitis.</strong></span> 
     </span>
    </p>

    <p class='ocr_par' dir='ltr' id='par_1_15' title="bbox 652 3681 2809 4011">
     <span class='ocr_line' id='line_1_23' title="bbox 744 3681 2807 3766; baseline -0.002 -14"><span class='ocrx_word' id='word_1_144' title='bbox 744 3689 925 3752; x_wconf 86' lang='lat' dir='ltr'><strong>Haec</strong></span> <span class='ocrx_word' id='word_1_145' title='bbox 971 3684 1376 3766; x_wconf 83' lang='lat' dir='ltr'><strong>comparatio</strong></span> <span class='ocrx_word' id='word_1_146' title='bbox 1423 3703 1462 3744; x_wconf 84' lang='lat' dir='ltr'>a</span> <span class='ocrx_word' id='word_1_147' title='bbox 1507 3691 1705 3763; x_wconf 86' lang='lat' dir='ltr'><strong>poeta</strong></span> <span class='ocrx_word' id='word_1_148' title='bbox 1752 3701 1881 3742; x_wconf 90' lang='lat' dir='ltr'><strong>non</strong></span> <span class='ocrx_word' id='word_1_149' title='bbox 1929 3689 2027 3742; x_wconf 82' lang='lat' dir='ltr'><strong>est</strong></span> <span class='ocrx_word' id='word_1_150' title='bbox 2071 3681 2415 3763; x_wconf 84' lang='lat' dir='ltr'><strong>desumpta</strong></span> <span class='ocrx_word' id='word_1_151' title='bbox 2460 3704 2545 3745; x_wconf 85' lang='lat' dir='ltr'><strong>ex</strong></span> <span class='ocrx_word' id='word_1_152' title='bbox 2592 3686 2807 3764; x_wconf 81' lang='lat' dir='ltr'><strong>rebuS,</strong></span> 
     </span>
     <span class='ocr_line' id='line_1_24' title="bbox 652 3807 2809 3902; baseline -0.004 -21"><span class='ocrx_word' id='word_1_153' title='bbox 652 3839 816 3902; x_wconf 86' lang='lat' dir='ltr'><strong>quas</strong></span> <span class='ocrx_word' id='word_1_154' title='bbox 864 3815 1022 3878; x_wconf 90' lang='lat' dir='ltr'><strong>vidit</strong></span> <span class='ocrx_word' id='word_1_155' title='bbox 1070 3811 1184 3875; x_wconf 86' lang='lat' dir='ltr'><strong>sed</strong></span> <span class='ocrx_word' id='word_1_156' title='bbox 1231 3832 1319 3873; x_wconf 87' lang='lat' dir='ltr'><strong>ex</strong></span> <span class='ocrx_word' id='word_1_157' title='bbox 1367 3831 1455 3887; x_wconf 86' lang='lat' dir='ltr'><strong>re,</strong></span> <span class='ocrx_word' id='word_1_158' title='bbox 1503 3828 1702 3890; x_wconf 82' lang='lat' dir='ltr'><strong>quam</strong></span> <span class='ocrx_word' id='word_1_159' title='bbox 1750 3809 1953 3884; x_wconf 85' lang='lat' dir='ltr'><strong>seivit,</strong></span> <span class='ocrx_word' id='word_1_160' title='bbox 2002 3807 2608 3889; x_wconf 84' lang='lat' dir='ltr'><strong>ideoque·animum</strong></span> <span class='ocrx_word' id='word_1_161' title='bbox 2657 3831 2809 3873; x_wconf 88' lang='lat' dir='ltr'><strong>nos-</strong></span> 
     </span>
     <span class='ocr_line' id='line_1_25' title="bbox 652 3939 1292 4011; baseline -0.02 -1"><span class='ocrx_word' id='word_1_162' title='bbox 652 3958 824 4011; x_wconf 90' lang='lat' dir='ltr'><strong>trum</strong></span> <span class='ocrx_word' id='word_1_163' title='bbox 873 3943 1085 4005; x_wconf 86' lang='lat' dir='ltr'><strong>minus</strong></span> <span class='ocrx_word' id='word_1_164' title='bbox 1133 3939 1292 4002; x_wconf 87' lang='lat' dir='ltr'><strong>ferit.</strong></span> 
     </span>
    </p>

    <p class='ocr_par' dir='ltr' id='par_1_16' title="bbox 741 4059 2814 4140">
     <span class='ocr_line' id='line_1_26' title="bbox 741 4059 2814 4140; baseline -0.002 -7"><span class='ocrx_word' id='word_1_165' title='bbox 741 4070 970 4134; x_wconf 89' lang='lat' dir='ltr'><strong>Obiter</strong></span> <span class='ocrx_word' id='word_1_166' title='bbox 1035 4064 1192 4130; x_wconf 87' lang='lat' dir='ltr'><strong>mihi</strong></span> <span class='ocrx_word' id='word_1_167' title='bbox 1263 4065 1608 4126; x_wconf 86' lang='lat' dir='ltr'><strong>observare</strong></span> <span class='ocrx_word' id='word_1_168' title='bbox 1675 4060 1862 4122; x_wconf 85' lang='lat' dir='ltr'><strong>liceat</strong></span> <span class='ocrx_word' id='word_1_169' title='bbox 1930 4059 2371 4140; x_wconf 83' lang='lat' dir='ltr'><strong>coryphaeum</strong></span> <span class='ocrx_word' id='word_1_170' title='bbox 2440 4072 2512 4125; x_wconf 84' lang='lat' dir='ltr'><strong>ut</strong></span> <span class='ocrx_word' id='word_1_171' title='bbox 2570 4064 2814 4130; x_wconf 85' lang='lat' dir='ltr'><strong>indicet</strong></span> 
     </span>
    </p>
   </div>
   <div class='ocr_carea' id='block_1_15' title="bbox 653 4251 1038 4262">
    <p class='ocr_par' dir='ltr' id='par_1_17' title="bbox 653 4251 1038 4262">
     <span class='ocr_line' id='line_1_27' title="bbox 653 4251 1038 4262; baseline 0 872"><span class='ocrx_word' id='word_1_172' title='bbox 653 4251 1038 4262; x_wconf 95' lang='lat' dir='ltr'><strong> </strong></span> 
     </span>
    </p>
   </div>
   <div class='ocr_carea' id='block_1_16' title="bbox 718 4359 1842 4440">
    <p class='ocr_par' dir='ltr' id='par_1_18' title="bbox 718 4359 1842 4440">
     <span class='ocr_line' id='line_1_28' title="bbox 718 4359 1842 4440; baseline -0.012 -21"><span class='ocrx_word' id='word_1_173' title='bbox 718 4372 792 4440; x_wconf 88' lang='lat'><strong>(¹)</strong></span> <span class='ocrx_word' id='word_1_174' title='bbox 829 4372 1088 4435; x_wconf 85' lang='lat' dir='ltr'><strong>Compara</strong></span> <span class='ocrx_word' id='word_1_175' title='bbox 1122 4365 1454 4423; x_wconf 84' lang='lat' dir='ltr'><strong>Germanum3</strong></span> <span class='ocrx_word' id='word_1_176' title='bbox 1488 4359 1842 4436; x_wconf 53' lang='lat' dir='ltr'><strong>wespentailleq.</strong></span> 
     </span>
    </p>
   </div>
   <div class='ocr_carea' id='block_1_17' title="bbox 3311 749 3317 1380">
    <p class='ocr_par' dir='ltr' id='par_1_19' title="bbox 3311 749 3317 1380">
     <span class='ocr_line' id='line_1_29' title="bbox 3311 749 3317 1380; baseline 0 0"><span class='ocrx_word' id='word_1_177' title='bbox 3311 749 3317 1380; x_wconf 95' lang='lat' dir='ltr'><strong> </strong></span> 
     </span>
    </p>
   </div>
  </div>
 </body>
</html>
