3317 5134
1473 525 1546 583 81

529 735 636 794 καὶ
684 733 808 812 μὴν
855 731 1016 803 εὐθύς
1063 734 1132 809 γ’
1179 730 1298 795 ἀπὸ
1347 731 1667 813 βαλβίδων
1716 735 1847 817 περὶ
1891 737 1998 810 τῆς
2046 731 2245 817 ἀρχῆς
2290 730 2585 809 ἀποδείξω

530 863 638 936 τῆς
684 861 988 944 ἡμετέρας
1033 862 1109 930 ὡς
1155 859 1439 939 οὐδεμιᾶς
1485 861 1683 935 ἥττων
1730 861 1891 921 ἐστὶν
1936 858 2280 939 βασιλείας.

441 1008 719 1089 „Statim
804 1011 890 1072 ab
965 1012 1117 1092 ipsis
1178 1011 1538 1073 carceribus
1605 1009 1989 1073 ostendam”
2052 1020 2173 1073 cet.
2267 1010 2591 1091 Compara

437 1136 742 1198 Latinam
811 1137 1201 1199 locutionem
1269 1135 1364 1197 ad
1421 1136 1656 1198 calcem
1750 1157 1982 1217 usque,
2054 1157 2220 1217 quae
2286 1138 2439 1198 item
2507 1156 2593 1197 ex

435 1262 646 1324 stadio
707 1264 1051 1343 desumpta
1114 1272 1232 1325 est.
1293 1263 1434 1324 Nos
1496 1283 1758 1344 quoque
1796 1263 2097 1325 dicimus:
2136 1261 2255 1323 den
2291 1260 2601 1340 eindpaal

433 1387 748 1450 bereiken.
795 1388 890 1452 Cf.
937 1388 1062 1470 Eq.
1112 1410 1206 1450 vs,
1264 1402 1448 1468 1159,
1501 1389 1610 1451 ubi
1651 1388 2009 1451 botularius
2049 1389 2335 1450 Demum
2365 1397 2589 1467 rogat:

791 1514 953 1592 ἄφες
999 1512 1118 1576 ἀπὸ
1164 1513 1489 1595 βαλβίδων
1537 1513 1650 1593 ἐμέ
1696 1538 1766 1577 τε
1815 1517 1921 1575 καί
1965 1517 2200 1576 τουτονὶ

798 1643 892 1702 ἵνα
942 1641 997 1700 σ’
1049 1636 1114 1700 εὖ
1160 1645 1416 1718 ποιῶμεν
1464 1639 1533 1717 ἐξ
1588 1643 1729 1701 ἴσου.
1994 1705 2001 1709 ,
2344 1647 2373 1671 ⁶

531 1791 692 1851 Filio
733 1791 1078 1852 somnianti
1115 1791 1196 1852 de
1229 1791 1519 1852 cursibus
1554 1791 1685 1851 suis
1716 1790 2121 1871 equestribus
2157 1789 2317 1850 acin
2344 1789 2594 1849 somnio

447 1917 704 1996 roganti
750 1916 925 1980 Nub.
981 1937 1076 1978 vs,
1128 1933 1248 1996 29:

597 2021 605 2028 .
841 2046 1049 2112 πόσους
1095 2043 1342 2127 δρόμους
1393 2040 1508 2118 ἐλᾷ
1553 2040 1638 2104 τοὶ
1687 2044 2154 2126 πολεμιστήρια;

442 2202 628 2273 pater
679 2195 844 2255 curis
883 2195 1288 2256 excruciatus
1313 2198 1399 2255 'ac
1437 2195 1746 2255 insomnis
1777 2213 1995 2255 amare
2040 2191 2417 2273 respondet:

624 2319 737 2398 ἐμὲ
783 2319 900 2398 μὲν
945 2321 1016 2380 σι)
1064 2320 1318 2389 πολλοὺς
1364 2319 1468 2381 τὸν
1515 2320 1726 2404 πατέρ’
1776 2321 2036 2389 ἐλαύνεις
2088 2319 2357 2403 δρόμους.

447 2491 584 2552 me,
655 2481 841 2534 tuum
913 2482 1195 2553 patrem,
1262 2472 1480 2533 multis
1541 2472 1832 2533 cursibus
1886 2471 2215 2551 exagitas;
2280 2469 2405 2532 huc
2451 2470 2595 2531 illuc

447 2606 662 2658 mente
734 2598 970 2658 cursito
1021 2617 1174 2657 num
1243 2617 1441 2677 quam
1486 2597 1804 2658 rationem
1849 2597 2130 2657 invenire
2176 2596 2417 2676 possim
2464 2617 2596 2676 qua

447 2741 563 2782 nos
611 2731 981 2784 servaturus
1034 2722 1172 2782 sim.

455 2934 463 2940 '
533 2922 724 2999 „Noli
749 2921 921 2983 hunc
947 2932 1251 3002 metuere,
1277 2921 1587 3003 collega‚''
1623 2921 1856 2983 chorus
1900 2923 2099 3004 Vesp.
2138 2944 2230 2984 VS.
2268 2938 2348 3002 37
2358 2941 2391 3002 3
2419 2923 2590 2998 dicit,

977 3050 1052 3118 ὡς
1101 3047 1225 3125 ἐγὼ
1270 3051 1481 3111 τοῦτ-όν
1527 3050 1618 3127 γ’,
1670 3047 1775 3110 εόὶν
1841 3052 1989 3133 γρύ-

979 3175 1056 3254 ξῃ
1104 3199 1198 3246 τι,
1248 3177 1461 3251 ποιήσω
1509 3176 1712 3236 δακεῖν
1757 3176 1866 3252 τὴν

976 3301 1227 3384 καρδίαν
1272 3303 1381 3362 καὶ
1422 3300 1526 3362 τὸν
1572 3303 1703 3384 περὶ
1747 3301 1863 3378 ψυ-

981 3429 1103 3504 χῆς
1149 3426 1363 3510 δρόμον
1409 3427 1696 3510 δραμεῖν,

448 3575 500 3635 si
545 3575 865 3637 tantillum
911 3577 1108 3638 modo
1153 3578 1418 3654 dixerit,
1470 3598 1618 3639 eum
1668 3598 1779 3639 cor
1817 3599 2007 3639 suum
2047 3579 2337 3639 mordere
2376 3587 2442 3640 et
2479 3597 2597 3658 pro

446 3700 580 3762 vita
625 3721 875 3763 currere
914 3722 1166 3783 cogam.

539 3903 737 3984 Vesp.
778 3924 872 3966 vs,
924 3919 1085 3965 1122
1128 3903 1534 3985 coryphaeus
1575 3913 1791 3966 narrat
1815 3915 2078 3986 poetam
2126 3906 2303 3968 initio
2342 3926 2599 3967 comoe-

448 4028 586 4090 dias
635 4049 784 4090 suas
829 4029 964 4091 aliis
1009 4029 1332 4091 docendas
1379 4029 1745 4107 tradidisse,
1794 4032 2023 4093 deinde
2062 4041 2315 4108 autem,
2364 4033 2597 4112 inquit,

449 4175 567 4216 suo
619 4156 876 4216 nomine
920 4157 1311 4237 periclitatus
1358 4165 1455 4218 est

540 4279 640 4341 οὐκ
690 4278 1060 4365 ἀλλοτρίων,
1111 4280 1255 4343 ἀλλ’
1306 4283 1522 4344 οἰκείων
1562 4280 1838 4345 Μουσῶν
1883 4280 2142 4362 στόμαθ’
2194 4285 2540 4362 ἡνιοχήσας.

2295 4476 2319 4511 6
