3317 5134
1576 463 1654 524 33

636 655 886 717 Taedet
933 674 1038 716 me
1081 654 1479 735 legatorum,
1545 653 1797 715 illorum
1846 672 2212 735 pavonum,
2261 652 2423 714 illius
2469 653 2691 716 fastuS.

637 781 1054 864 Quamquam
1117 781 1241 863 Eq.
1303 802 1398 843 vs,
1445 779 1579 862 956
1639 801 1767 842 non
1815 781 2361 862 comparationem
2408 783 2693 844 continet

547 909 802 990 proprie
847 908 1120 989 dictam,
1171 928 1298 969 non
1347 917 1564 970 tamen
1611 906 1759 970 hinc
1805 906 2046 969 alienus
2092 917 2208 970 est.

548 1033 713 1097 Cum
759 1036 955 1116 igitur
993 1035 1127 1096 seni
1166 1035 1380 1096 Demo
1436 1035 1675 1098 astutia
1713 1034 2030 1097 adulantis
2079 1035 2373 1097 botularii
2420 1034 2693 1116 decepto

548 1182 926 1243 persuasum
973 1163 1056 1224 sit
1103 1172 1174 1225 ut
1219 1162 1367 1225 huic
1413 1183 1482 1223 se
1527 1171 1743 1225 totum
1790 1162 2021 1238 tradat,
2062 1173 2397 1242 tamquam
2436 1163 2692 1242 signum

548 1289 790 1369 imperii
859 1289 916 1350 ei
989 1288 1252 1350 anulum
1313 1308 1504 1349 suum
1563 1288 1779 1351 tradit.
1842 1288 2013 1350 Tum
2073 1285 2193 1374 (vs,
2242 1286 2401 1373 957)
2451 1309 2690 1350 novum

546 1415 919 1496 exemplum
978 1415 1416 1496 impudentiae
1475 1413 1905 1496 Paphlagonis
1965 1416 2293 1496 reperitur,
2340 1436 2457 1496 pro
2503 1417 2695 1478 Demi

544 1543 715 1602 enim
761 1542 968 1623 sigillo
1014 1562 1206 1604 suum
1252 1543 1547 1619 restituit,
1599 1562 1867 1624 nempe:

947 1693 1129 1779 λοέρος
1173 1695 1444 1774 κεχηνὼς
1489 1696 1587 1756 ἐπὶ
1628 1695 1854 1778 πέτρας
1902 1694 2276 1780 δημηγορῶν.

634 1856 860 1938 Imago
919 1859 1017 1919 sui
1076 1859 1311 1940 ipsius:
1369 1860 1667 1941 MergUS,
1739 1861 1849 1940 qui
1912 1880 2151 1941 magno
2196 1860 2375 1924 hiatu
2420 1863 2482 1923 in
2530 1883 2693 1925 saxo

549 1985 982 2048 concionatur.

592 2109 716 2171 Hic
775 2130 997 2172 versus
1060 2112 1256 2173 etiam
1302 2107 1673 2194 exemplum
1722 2112 1990 2193 praebet
2035 2133 2188 2174 usus
2234 2109 2692 2197 ἀπροσδοκήτου,

545 2236 722 2316 quod
768 2245 1055 2301 vocatur.
1101 2238 1362 2300 Etenim
1416 2248 1566 2320 post
1611 2238 1883 2300 verbum
1931 2240 2158 2324 πέτροις
2201 2243 2692 2320 expectaremus

543 2359 876 2441 καθήμενος
909 2363 1012 2424 vel
1050 2363 1179 2449 tale
1217 2363 1473 2446 aliquid.
1515 2362 1644 2426 Sed
1669 2374 1863 2447 poeta
1886 2365 2093 2447 lepide
2116 2364 2295 2428 addit
2317 2366 2692 2450 δημηᾳορῶν,

538 2488 629 2549 ita
691 2498 762 2550 ut
807 2490 1195 2570 praecedens
1239 2510 1501 2571 quoque
1548 2488 1944 2552 vocabulum
1993 2491 2219 2575 πέτροις
2266 2491 2455 2553 aliam
2501 2493 2692 2572 signi-

539 2614 906 2679 ficationem
968 2617 1357 2698 adipiscatur
1410 2627 1476 2678 et
1530 2626 1671 2680 tota
1739 2617 1955 2697 imago
2026 2618 2298 2680 maiores
2344 2617 2689 2680 cachinnos

543 2752 822 2806 moveat.
873 2743 967 2807 Cf.
1015 2744 1216 2826 Vesp.
1265 2765 1360 2807 vs.
1405 2760 1478 2823 31
1529 2763 1622 2824 sq.
1667 2763 1743 2804 ac
1783 2743 1955 2804 Nub.
1998 2763 2092 2805 VS.
2139 2756 2284 2823 591,
2313 2744 2421 2805 ubi
2460 2743 2689 2806 eodem

543 2872 930 2951 cognomine
976 2871 1155 2956 λοέρος
1201 2871 1399 2935 Cleon
1447 2892 1485 2932 a
1533 2881 1729 2952 poeta
1778 2870 2171 2950 designatur.

633 2999 940 3060 Miserum
986 2999 1311 3061 tibicinem
1359 2998 1760 3080 Chaeridem‚
1803 3017 2002 3080 quem
2044 2998 2341 3060 novimus
2365 3017 2451 3058 ex
2475 2997 2690 3058 fabula

545 3123 1081 3202 Acharnensium‚
1131 3135 1204 3188 ut
1247 3146 1364 3207 pro
1410 3127 1637 3186 merito
1685 3124 1903 3186 laudet
1940 3122 2359 3200 PithetaeruS,
2410 3124 2541 3187 Av.
2593 3143 2688 3185 VS.

545 3252 675 3330 859
721 3271 987 3312 corvum
1032 3261 1226 3314 vocat
1271 3251 1726 3332 capistratum:

896 3426 1125 3491 ποιῦσοιι
1171 3429 1242 3490 σύ
1293 3425 1520 3508 φυσῶν.
1569 3424 1945 3512 “Ηροέκλεις,
1998 3427 2173 3487 τουτὶ
2216 3429 2281 3487 τί
2322 3421 2421 3500 ἧν;

898 3558 1071 3618 τουτὶ
1112 3554 1208 3634 μοὶ
1258 3554 1363 3616 Δί’
1412 3552 1535 3631 ἐγὼ
1583 3551 1784 3615 πολλοὶ
1831 3550 1901 3624 δὴ
1946 3535 2053 3613 ux}
2094 3551 2229 3612 δείν’
2279 3551 2411 3632 ἰδὼν

896 3683 1051 3743 οὔπω
1097 3677 1298 3764 κόρακ’
1349 3677 1497 3742 εἶδον
1543 3675 2166 3762 ἐμπεφορβειωμένον.

631 3908 832 3987 Vesp.
880 3927 974 3968 vs,
1035 3923 1156 3987 129
1202 3926 1241 3968 a
1287 3925 1472 3966 servo
1521 3915 1845 3968 narratur:

634 4033 894 4114 „Senex
940 4055 979 4096 a
1025 4035 1154 4096 filio
1200 4035 1264 4096 vi
1309 4033 1484 4095 domi
1531 4032 1960 4110 retinebatur,

897 4201 930 4261 ὁ
972 4195 1023 4260 δ’
1073 4199 1318 4283 ὡσπερεὶ
1355 4196 1576 4268 κολοιὸς
1620 4195 1788 4275 αὐτῷ
1842 4195 2200 4266 παττάλους

902 4323 1193 4409 ἐνέκρουεν
1239 4324 1318 4394 εἰς
1364 4322 1468 4385 τὸν
1514 4327 1743 4402 τοῖχον,
1795 4319 1902 4385 εἶτ’
1954 4320 2267 4401 ἐξήλλετο.
