3317 5134
1637 456 1716 532 38

1004 665 1211 742 ἔχουσι
1257 660 1384 747 γοὶρ
1432 665 1538 724 καὶ
1579 664 1819 748 κέντρον
1867 661 1931 725 ἐκ
1978 668 2085 740 τῆς
2136 660 2357 742 ὀσφύος

1006 787 1326 866 ὀξύτατον,
1373 787 1418 866 ᾧ
1465 792 1766 861 κεντοῦσι,
1814 791 1921 850 καὶ
1962 793 2335 874 κεκραγότες

1000 917 1219 992 πηδῶσι
1262 918 1370 978 καὶ
1411 915 1745 998 βάλλουσιν
1790 921 1980 1002 ὥσπερ
2028 914 2324 998 φέψαλοι.

688 1055 974 1120 Xanthia
1019 1057 1484 1138 respondente:

993 1196 1081 1276 μὴ
1128 1194 1466 1281 Φροντίσῃς·
1517 1194 1623 1258 ἐοὶν
1672 1197 1799 1273 ἐγὼ
1844 1193 2033 1266 λίθους
2093 1197 2257 1275 ἔχω,

1000 1326 1234 1384 πολλῶν
1278 1321 1575 1384 δικαστῶν
1620 1317 1889 1400 σφηκιὰν
1935 1322 2245 1384 διασκεδῶ.

690 1485 1010 1567 Strepitus
1068 1486 1309 1568 pedum
1369 1485 1658 1562 auditur,
1725 1505 1873 1548 ecce
1934 1495 2248 1567 apparent
2291 1485 2515 1566 viginti
2560 1496 2746 1566 quat-

601 1622 748 1674 tuor
793 1632 1009 1688 seneS‚
1073 1612 1156 1674 ad
1204 1631 1506 1674 numeros
1554 1632 1895 1690 versuum,
1937 1597 2107 1694 'quos
2154 1632 2348 1674 rauca
2392 1632 2553 1674 voce
2600 1631 2749 1673 can-

599 1745 772 1813 tant,
859 1737 1316 1819 tripudianteS‚
1405 1739 1602 1801 torvis
1678 1739 1929 1820 rugosis
1997 1738 2316 1818 vultibuS‚
2380 1737 2748 1800 labantibus

602 1863 829 1925 macris
896 1865 1205 1926 cruribus,
1275 1862 1501 1927 Solum
1571 1874 1834 1927 verrunt
1903 1866 2151 1926 enormi
2226 1866 2450 1928 striata
2512 1886 2748 1946 vespae

599 1999 783 2071 parte
827 1990 1207 2077 posteriore,
1258 1991 1615 2073 praelongo
1664 1990 1888 2053 aculeo
1936 1991 2243 2072 praedita.

689 2118 783 2181 Ut
840 2137 1121 2198 aequum
1175 2127 1308 2193 est,
1358 2116 1707 2179 choreutae
1768 2136 1886 2197 per
1941 2125 2148 2178 totam
2206 2115 2489 2177 fabulam
2538 2110 2749 2176 verbis

601 2253 867 2306 utuntur
924 2244 1054 2304 suis
1111 2244 1400 2325 partibus
1445 2243 1634 2324 aptiS.
1700 2243 1868 2305 Vide
1912 2263 2006 2306 vs,
2052 2260 2218 2324 403,
2270 2242 2378 2304 ubi
2424 2241 2551 2306 hoc
2599 2264 2748 2305 ean-

601 2372 726 2433 tico
774 2369 1272 2450 Bdelycleonem
1321 2369 1817 2449 aggrediuntur:

781 2495 908 2556 εἰπέ
951 2516 1086 2572 μοι,
1136 2496 1201 2554 τί
1242 2493 1556 2572 μέλλομεν
1601 2499 1775 2555 κινεῖν
1822 2492 2041 2568 ἐκείνην
2086 2493 2196 2568 τὴν
2243 2495 2456 2573 χολήν,

779 2623 989 2704 ἤνπερ,
1041 2618 1184 2694 ἡνίκ’
1235 2620 1313 2678 ἄν
1357 2640 1448 2688 τις
1493 2619 1663 2697 ἡμῶν
1708 2616 1916 2703 ὀργίσῃ
1962 2618 2072 2696 τὴν
2118 2615 2415 2697 σφηκιάν5

780 2750 882 2809 νῦν
929 2745 1144 2821 ἐκεῖνο,
1194 2746 1293 2805 νῦν
1340 2742 1555 2816 ἐκεῖνο,

781 2868 1186 2949 τούξύθυμον,
1233 2867 1278 2946 ᾧ
1323 2865 1580 2949 κολαζό-

778 2995 1011 3076 μεσθα,
1060 2997 1298 3079 κέντρον
1345 2993 1626 3057 ἐντέτατ’
1679 2993 1806 3072 ὀξύ.
1832 2993 1929 3080 (¹)

688 3123 873 3184 Sosia
916 3142 1008 3184 vs,
1057 3135 1191 3198 420
1239 3119 1681 3182 exclamante:

694 3259 1063 3346 Ἡράκλεις,
1111 3261 1218 3320 καὶ
1258 3255 1450 3342 κέντρ’
1503 3258 1764 3336 ἔχουσιν.
1810 3257 1929 3337 οὐχ
1975 3260 2149 3342 ὁρᾷς,
2198 3257 2242 3320 ὦ
2288 3259 2590 3334 δέσποτα;

687 3387 1079 3469 Bdelycleon
1130 3384 1511 3467 respondet:

737 3515 818 3586 οἷς
863 3515 932 3592 γ’
981 3510 1307 3576 ἀπώλεσαν
1353 3509 1649 3573 Φίλιππον
1695 3516 1757 3572 ὲν
1800 3512 1928 3592 δίκῃ
1975 3511 2077 3575 τὸν
2124 3511 2399 3598 Γοργίου.

662 3731 725 3797 (¹)
765 3732 895 3780 Cum
948 3743 1132 3792 vespae
1181 3725 1282 3776 sint
1329 3727 1522 3774 insecta
1558 3730 1901 3794 ὀπισθόκεντροι,
1940 3725 2113 3789 opinio
2150 3726 2351 3774 illorum
2387 3728 2621 3789 virorum,
2662 3729 2753 3792 qui

595 3829 776 3889 putant
827 3823 1094 3870 choreutas
1144 3836 1237 3884 pro
1291 3820 1480 3869 aculeis
1533 3817 1749 3882 penibus
1800 3816 2003 3865 factitiis
2052 3817 2307 3880 praeditos
2341 3834 2446 3866 esse
2482 3834 2638 3883 aeque
2676 3826 2752 3868 est

596 3915 816 3965 absurda
849 3928 907 3961 ac
940 3911 1144 3960 inficeta
1178 3919 1228 3959 et
1261 3911 1481 3974 illepida.

666 4006 734 4056 Cf
793 4003 1058 4068 Eupolidis
1108 4009 1230 4050 nota
1281 4003 1436 4050 verba
1490 4001 1555 4050 de
1603 4000 1813 4058 Pericle,
1850 4000 2031 4064 quibus
2066 3999 2271 4063 quidem
2306 4015 2411 4047 non
2446 4015 2561 4047 cum
2598 4016 2753 4064 vespa

596 4099 684 4148 sed
720 4113 835 4146 cum
872 4111 966 4160 ape
1001 4100 1350 4158 comparatur:

1597 4167 1731 4222 μόνος
1771 4170 1856 4209 τῶν
1887 4161 2093 4226 ῥητόρων

1126 4254 1178 4303 τὸ
1213 4258 1392 4319 κέντρον
1425 4253 1718 4314 ἐγκατέλειπε
1754 4257 1849 4306 τοῖς
1885 4255 2205 4317 ἀκροωμένοις.

669 4347 797 4397 Plat.
832 4345 1023 4396 Phaed.
1057 4355 1136 4408 91.
1174 4359 1217 4395 c,
1255 4347 1409 4410 ὥσπερ
1444 4344 1644 4405 μέλιττα
1681 4345 1735 4392 τὸ
1768 4347 1948 4407 κέντρον
1982 4341 2295 4402 ἐγκαταλιπὼν
2328 4343 2590 4406 οἰχήσομαι.
