3317 5134
1718 511 1799 571 82

774 723 938 784 Rau.
990 741 1083 782 vs,
1127 720 1277 800 837.
1325 719 1665 801 Euripides
1712 720 2038 782 aemulum
2086 739 2275 780 suum
2324 727 2548 782 vocat:

949 842 1242 930 ἄνθρωπον
1288 842 1658 930 ἀγριοποιὸν,
1708 843 2192 923 αὐθαδόστομον,

947 974 1154 1053 ἔχοντ’
1202 972 1504 1052 ἀχάλινον
1549 971 1814 1056 ἀκρατὲς
1862 969 2157 1056 ἀθύρωτον
2201 973 2442 1048 στόμα,

679 1109 942 1181 poetam
1010 1100 1190 1162 cuius
1257 1099 1539 1162 carmina
1605 1097 1861 1160 horrida
1930 1097 2326 1178 Cyclopibus
2396 1095 2663 1158 fortasse
2727 1095 2829 1156 vel

681 1221 1018 1285 Centauris
1053 1209 1304 1304 placere
1341 1231 1633 1304 possunt,
1664 1243 1790 1284 non
1818 1223 2207 1286 cultissimae
2234 1222 2408 1284 urbis
2430 1221 2695 1285 civibus.
2722 1239 2833 1280 ore

679 1348 1041 1429 praeditum
1065 1350 1428 1411 contumaci
1454 1347 1761 1412 effrenato
1785 1349 2199 1410 incontinenti
2219 1365 2573 1428 numquam
2594 1345 2831 1407 clauso.

1039 1475 1244 1544 ἵππους
1289 1476 1553 1537 ἐλαύνων
1603 1472 1916 1552 ἐξέπεσον,
1967 1475 2032 1551 νὴ
2082 1473 2220 1543 τούς
2266 1470 2424 1543 θεούς

681 1599 1005 1679 Amynias
1051 1599 1315 1681 quidam
1361 1571 1533 1663 Nul).
1562 1621 1656 1662 vs,
1706 1615 1868 1680 1272
1889 1600 2567 1681 queritur;cuisenex
2608 1597 2828 1679 Strep-
2906 1678 2913 1684 ‚

680 1722 887 1784 siades
926 1725 1283 1806 praeceptis
1333 1722 1614 1788 Socratis
1638 1725 1946 1803 imbutus,
1972 1727 2182 1788 verbis
2204 1726 2431 1805 ludens
2458 1725 2833 1808 respondet:

948 1852 1014 1910 τί
1055 1849 1212 1921 δῆτα
1263 1855 1493 1935 ληρεῖς,
1540 1853 1731 1935 ὥσπερ
1778 1851 1887 1913 ἀπ’
1937 1855 2063 1914 ὄνου
2109 1853 2473 1915 καταπεσών
2488 1875 2507 1927 ;

685 1974 1104 2048 Proverbium
1167 1997 1303 2050 erat
1365 1984 1484 2050 ἀπὸ
1563 1985 1661 2051 νοῦ
1706 1995 1937 2061 πεσεῖν,
1986 1999 2204 2052 mente
2270 1990 2561 2066 destitui,
2612 1989 2835 2051 ludens

682 2109 1080 2193 Strepsiades
1125 2113 1320 2194 igitur
1357 2113 1540 2176 dicit:
1591 2114 1771 2192 Ohe,
1820 2116 1904 2177 ab
1950 2117 2130 2196 equis
2175 2116 2495 2192 decidisti,
2544 2115 2668 2178 hoc
2708 2136 2834 2177 non

683 2246 780 2299 est
828 2257 940 2300 cur
963 2238 1348 2316 lamenteriS‚
1375 2248 1733 2322 tamquam,
1761 2241 1936 2321 quod
1960 2240 2165 2302 multo
2182 2240 2440 2320 gravius
2457 2249 2554 2302 est
2572 2241 2833 2316 malurn,

691 2357 798 2422 ἀπ’
849 2364 974 2424 ὄνου
1019 2365 1402 2426 καταπεσών.

818 2663 1458 2773 METAPHORAE
1506 2709 1634 2773 EX
1673 2709 2235 2774 PALAESTRA
2271 2710 2681 2774 PETITAE.

770 2871 897 2952 Eq.
951 2892 1042 2934 vs,
1110 2889 1147 2934 2
1159 2885 1240 2952 59
1299 2872 1532 2935 chorus
1587 2872 1808 2937 Cleoni
1839 2857 2245 2955 exprobrat:
2328 2875 2559 2937 Merito
2609 2875 2831 2936 verbe-

683 2999 873 3075 rariS,
921 2999 1031 3079 qui
1081 2999 1220 3068 τους
1265 2997 1613 3070 ὑπευθύνους
1662 2999 2003 3078 exhauriS‚

776 3123 890 3185 κόέν
934 3124 1044 3185 τιν’
1074 3123 1295 3192 ,αὐτῶν
1341 3129 1503 3204 γνῷς
1549 3123 1907 3210 ἀπράγμον’
1958 3130 2104 3189 ὄντα
2151 3131 2258 3189 καὶ
2298 3131 2645 3207 κεχηνότα,

775 3240 1175 3315 καταγαγὼν
1222 3236 1285 3300 ἐκ
1334 3237 1701 3324 Χερρονήσου
1747 3238 2064 3320 διαλαβὼν
2112 3240 2473 3324 ἠγκύρισας,

775 3349 882 3413 εἶτ’
934 3348 1326 3436 ἀποστρέψας
1375 3351 1478 3413 τὸν
1529 3349 1691 3430 ὦμον
1737 3350 1926 3413 αὐτὸν
1975 3338 2446 3434 ἐνεκολήβασας.

685 3474 752 3537 Si
815 3485 1034 3538 autem
1091 3477 1420 3558 stupidum
1468 3476 1747 3557 aliquem
1796 3497 1871 3540 ac
1920 3479 2187 3540 inertem
2235 3479 2399 3540 inter
2445 3499 2555 3539 eos
2599 3499 2839 3558 cogno-

685 3603 886 3681 veriS‚
943 3623 981 3663 e
1029 3600 1430 3665 Chersoneso
1482 3612 1698 3665 tecum
1737 3603 2027 3665 auferens
2067 3605 2347 3666 medium
2380 3603 2719 3685 prebendis
2766 3625 2839 3665 ac

685 3726 862 3789 humi
901 3729 1281 3808 prosterni3‚
1327 3747 1476 3789 eum
1516 3728 1881 3808 deprimens
1916 3748 2087 3790 nexu
2114 3729 2555 3791 bracchiorum
2580 3739 2838 3792 tuorum

687 3861 1098 3914 curvatorum
1167 3862 1501 3934 tamquam
1563 3873 1871 3931 ancorae,
1936 3864 2074 3917 tum
2133 3875 2354 3916 umero
2403 3864 2643 3917 retorto
2691 3875 2841 3916 eum

690 3975 1152 4059 ἐγκολνιβοὲζεις.
1208 3979 1402 4061 Quod
1441 3978 1784 4042 scholiasta
1822 3981 2130 4056 affirmat,
2170 3980 2294 4042 hoc
2331 3980 2601 4042 verbum
2649 3981 2841 4060 signi-

690 4104 880 4166 ficare
921 4103 1155 4175 ἐκπιεῖν,
1202 4124 1416 4166 merae
1461 4114 1611 4167 sunt
1661 4126 1891 4186 nugae.
1942 4107 2079 4167 Nisi
2105 4114 2311 4167 totam
2335 4106 2680 4186 imaginem
2704 4125 2841 4167 cor-

690 4241 995 4312 rupturus
1040 4251 1136 4308 eS‚
1182 4231 1296 4293 tibi
1332 4232 1531 4293 verbo
1567 4252 1734 4312 opus
1758 4242 1855 4294 est
1878 4251 1963 4292 ex
1987 4251 2054 4293 re
2076 4231 2451 4313 palaestrica
2474 4231 2838 4313 desumpto,

694 4355 762 4417 A
804 4355 1120 4417 nonnullis
1161 4355 1344 4418 nobis
1385 4355 1677 4419 offertur:
1709 4365 1993 4417 ventrem
2009 4354 2271 4435 ferire,
2312 4356 2423 4418 sed
2462 4355 2626 4418 hanc
2651 4357 2841 4436 signi-
