3317 5134
1562 479 1644 545 59

1641 679 1748 738 καὶ
1795 679 2006 739 τᾶλλα
2054 700 2133 754 γε
2181 678 2362 740 πάντ’
2414 677 2679 756 ἐκυκήθη.

535 801 630 859 ἱνα
675 796 806 883 γοὶρ
835 797 1204 885 Πείσανδρος
1253 803 1388 881 ἔχοι
1432 803 1712 864 κλέπτειν
1750 790 1866 882 χοῖ
1894 808 2030 874 ταῖς
2068 801 2297 889 ἀρχαῖς
2338 804 2679 886 ἐπέχοντες,

535 922 638 986 ἀεί
680 948 818 987 τινα
863 929 1224 1011 κορκορυγὴν
1273 926 1512 990 ἐκύκων.

535 1052 840 1113 Pisander
883 1054 1054 1114 enim
1119 1063 1185 1116 et
1240 1054 1350 1135 qui
1416 1056 1834 1136 magistratus
1887 1058 2198 1135 ambiunt,
2252 1069 2323 1120 ut
2371 1057 2681 1124 haberent

536 1178 712 1258 quod
760 1178 1151 1256 furarentur,
1201 1200 1460 1262 semper
1506 1181 1734 1244 turbas
1780 1183 2099 1246 concitare
2142 1184 2453 1248 solebant.

625 1307 771 1369 Pac.
817 1327 912 1369 vs,
965 1323 1095 1387 270
1143 1307 1343 1370 Cleon
1390 1318 1694 1371 vocatur:

935 1435 968 1495 ὁ
1004 1431 1420 1517 βυρσοπώλης,
1469 1433 1527 1504 ὃς
1573 1432 1756 1508 ἐκύκα
1801 1434 1910 1507 την
1959 1433 2268 1499 Ἐλλάδα.

540 1607 616 1650 ac
661 1608 755 1648 VS.
809 1601 938 1666 320
983 1585 1217 1649 chorus
1261 1587 1344 1648 de
1391 1586 1620 1649 eodem
1668 1587 1873 1650 laetus
1919 1589 2121 1651 canit:

761 1715 836 1782 ὡς
881 1713 1126 1775 κυκοέτω
1171 1715 1277 1775 καὶ
1320 1716 1588 1774 πατείτω
1635 1713 1842 1775 ποέντα
1888 1715 1996 1775 καὶ
2037 1717 2426 1800 ταραττέτω.

538 1853 684 1933 Ipse
727 1862 949 1914 autem
997 1851 1122 1933 Eq.
1173 1872 1268 1914 νε.
1313 1850 1436 1931 363
1486 1845 1807 1932 perhibet:

709 2039 716 2052 ,
810 1976 934 2055 ἐγὼ
981 1978 1033 2039 δ’
1077 1976 1414 2053 ἐπεσπηδῶν
1458 2000 1538 2054 γε
1585 1977 1695 2054 την
1741 1976 1965 2058 βουλὴν
2010 1977 2123 2058 βίοι
2168 1980 2419 2052 κυκήσω.

537 2129 600 2190 in
648 2137 946 2192 senatum
993 2129 1385 2210 irrumpens,
1436 2147 1586 2190 eum
1635 2126 1918 2190 funditus
1964 2128 2260 2191 turbabO.

628 2407 924 2470 Indicans
991 2407 1272 2488 aliquem
1341 2425 1600 2467 omnem
1670 2425 1933 2488 operam
2003 2405 2267 2487 perdere
2323 2406 2686 2470 Philocleon

542 2535 739 2615 Vesp.
776 2554 869 2595 νε.
916 2535 1046 2596 280
1083 2530 1283 2605 »λίθον
1308 2528 1512 2610 ἕψεις”
1540 2533 1775 2608 ἔλεγεν.
1817 2530 2138 2612 „lapidem
2176 2530 2463 2612 coquiS‚''
2502 2533 2684 2596 dixit.

627 2659 793 2722 Pluti
838 2679 933 2720 νε.
992 2661 1111 2737 158
1160 2678 1380 2719 servus
1427 2657 1695 2738 Carion,
1743 2657 1939 2719 veluti
1986 2656 2440 2739 philosophuS‚
2494 2659 2680 2722 dicit:

542 2786 790 2849 Omnes
857 2784 1036 2866 pueri
1099 2784 1398 2846 meritorii
1446 2804 1573 2845 non
1634 2784 1805 2845 viros
1867 2794 2091 2847 amant
2153 2785 2265 2846 sed
2312 2787 2685 2866 pecuniam,

545 2915 794 2977 etiamsi
841 2933 1046 2995 equos
1093 2921 1327 2992 rogant
1375 2911 1475 2973 vel
1523 2911 1649 2973 tale
1695 2909 1967 2992 aliquid,

949 3038 1373 3116 αἰσχυνόμενοι
1415 3035 1543 3120 γοὶρ
1591 3032 1872 3120 ἀργύριον
1910 3036 2100 3098 αἰτεῖν
2147 3039 2278 3106 ἴσως

948 3163 1202 3243 ὀνόματι
1250 3163 1658 3247 περιπέττουσι
1705 3164 1813 3239 τη’ν
1858 3159 2217 3246 μοχθηρίαν.

550 3339 734 3395 nam,
798 3337 948 3380 cum
1010 3338 1122 3379 eos
1200 3317 1360 3380 forte
1427 3316 1670 3398 pudeat
1748 3316 2086 3398 pecuniam
2154 3325 2411 3397 petere,
2488 3319 2689 3380 verbo

548 3445 840 3524 specioso
907 3451 1265 3524 contegunt
1327 3441 1654 3505 malitiam.
1728 3440 1922 3527 (sicut
1981 3440 2254 3522 pistores
2322 3442 2690 3524 panificium

547 3571 670 3632 vile
716 3570 916 3632 oculis
962 3578 1300 3651 acceptum
1346 3569 1621 3640 reddunt
1666 3576 1882 3631 crusto
1928 3565 2271 3652 specioso)

550 3697 644 3761 Cf.
692 3698 894 3778 Vesp.
942 3717 1036 3757 vs,
1084 3693 1237 3776 668,
1286 3694 1392 3756 ubi
1439 3693 1831 3774 Bdelycleon
1895 3693 1984 3756 ita
2045 3693 2362 3774 loquitur:
2414 3695 2691 3773 „Omnis

551 3824 821 3906 pecunia
870 3824 932 3884 in
979 3842 1315 3885 crumenas
1362 3830 1582 3883 manat
1628 3839 1945 3882 vanorum
1992 3817 2359 3897 rhetorum,

1718 3946 1791 4007 σι)
1836 3944 2000 4030 γὰρ,
2041 3942 2086 4007 ὦ
2126 3944 2339 4030 ποέτερ,
2388 3945 2607 4018 αὐτοῦς

641 4079 857 4161 ἄρχειν
901 4077 1068 4160 αἱρεῖ
1100 4076 1363 4146 σαυτοῦ,
1414 4076 1642 4144 τούτοις
1689 4078 1809 4144 τοῖς
1848 4076 2165 4159 ῥηματίοις
2212 4072 2606 4160 περιπεφθείς.

554 4227 623 4280 tu
663 4217 852 4293 enim,
893 4225 1095 4296 pater,
1138 4214 1277 4276 illos
1315 4214 1429 4277 tibi
1469 4214 1767 4277 adsciscis
1790 4214 2089 4277 dominos
2114 4216 2420 4308 speciosis
2445 4215 2694 4279 illorum

553 4343 736 4406 dictis
780 4341 1109 4423 deceptus,
