3317 5134
1542 501 1584 563 9

573 697 771 776 Vesp.
820 717 914 757 VS.
969 713 1125 774 1241
1176 717 1375 758 senex
1417 698 1732 760 adulatori
1770 694 2063 772 TheorO,
2106 715 2298 776 quem
2335 695 2631 755 novimus

456 795 571 882 *ex
615 822 792 884 initio
837 820 1025 883 huius
1073 822 1352 900 fabulae,
1401 823 1586 884 dicit:

1369 997 1472 1060 οὐκ
1518 1000 1678 1060 ἔστιν
1726 994 2114 1078 ἀλωπεκίζειν

928 1125 1046 1187 οὐδ’
1097 1122 1493 1209 ἀμφοτέροισι
1537 1122 1857 1203 γίγνεσθαι
1902 1121 2101 1204 φίλον.

577 1303 755 1365 Alibi
814 1323 1074 1384 quoque
1135 1302 1359 1364 dolosa
1414 1303 1753 1384 vulpecula
1816 1324 2008 1384 saepe
2054 1312 2630 1379 commemoratur,

487 1431 609 1491 vid.
676 1430 818 1490 Pac.
885 1450 976 1490 VS.
1053 1445 1218 1509 1190
1279 1450 1354 1492 ac
1411 1430 1542 1491 Av.
1609 1451 1701 1490 VS.
1765 1442 1927 1509 435,
1993 1429 2102 1490 ubi
2162 1427 2359 1490 choro
2416 1429 2630 1490 avium

487 1555 758 1636 roganti:
794 1552 1083 1634 ἑνισοφόν
1108 1577 1166 1617 τι
1190 1551 1390 1639 φρενί;
1417 1550 1788 1630 (Pithetaeri
1818 1554 1981 1639 scil.)
2005 1555 2232 1636 Epops
2266 1554 2632 1635 respondet.

932 1723 1304 1782 πυκνότατον
1349 1719 1600 1792 κίναδος,

930 1843 1210 1925 σόφισμα
1231 1895 1248 1919 ,
1297 1847 1501 1930 κύρμα
1519 1895 1537 1918 ,
1585 1849 1831 1930 τρίμμα
1851 1895 1867 1918 ,
1917 1845 2267 1925 παιπάλημ’
2318 1847 2470 1908 ὅλον.

576 2023 668 2087 Cf.
703 2023 875 2088 Nub.
904 2043 998 2084 vs,
1027 2037 1157 2102 447
1187 2044 1262 2084 ac
1283 2023 1442 2103 LyS.
1469 2044 1562 2084 vs.
1603 2037 1786 2103 1270,
1818 2023 1924 2084 ubi
1947 2024 2239 2085 Lacones
2264 2034 2633 2106 precantur:

935 2191 1053 2249 τᾶν
1101 2188 1378 2265 αἱμυλοῖν
1427 2183 1751 2248 ἀλωπέκων
1798 2185 2210 2266 παυσαίμεθα.

935 2311 980 2375 ὦ
1025 2313 1176 2398 δεῦρ’
1229 2310 1295 2373 ἴθι
1342 2313 1516 2397 δεῦρ’,
1565 2310 1610 2374 ὦ
1657 2311 1891 2388 κυναγὲ
1940 2312 2212 2397 παρσένε.

581 2691 745 2754 Cum
805 2711 959 2752 vero
1022 2692 1276 2772 saepius
1340 2691 1466 2752 oris
1512 2701 1577 2753 et
1621 2691 1905 2771 corporis
1951 2689 2204 2753 Cleonis
2250 2690 2635 2755 lineamenta

492 2818 661 2900 stylo
723 2818 970 2880 comico
1032 2816 1323 2878 duxisset
1387 2814 1861 2897 Aristophanes
1926 2826 1991 2878 et
2048 2816 2299 2878 vultum
2362 2817 2636 2880 hominis

491 2965 688 3026 quam
729 2944 1012 3004 maxime
1047 2943 1165 3005 sibi
1200 2945 1379 3004 invisi
1419 2944 1590 3004 varie
1622 2943 2105 3020 adumbrasset,
2146 2965 2339 3006 unam
2366 2921 2638 3026 eamclue

490 3069 944 3130 vividissimam
1015 3070 1359 3150 imaginem
1432 3089 1518 3130 ex
1586 3069 1685 3130 his
1752 3069 2051 3130 omnibus
2119 3071 2423 3146 confecit,
2508 3093 2639 3152 qua

493 3206 719 3259 ornata
767 3206 865 3258 est
909 3195 1237 3276 parabasis
1284 3195 1536 3258 fabulae
1581 3196 1781 3260 Pacis·

582 3321 818 3385 Omnia
864 3341 1032 3402 quae
1078 3329 1260 3382 erant
1306 3311 1440 3382 sive
1490 3321 1553 3381 in
1600 3321 1742 3401 ipso
1786 3320 2047 3383 homine
2092 3322 2226 3382 sive
2269 3323 2332 3382 in
2380 3323 2635 3404 opificio

493 3448 626 3508 sive
694 3447 756 3507 in
826 3447 960 3506 eius
1029 3446 1274 3508 ratione
1338 3447 1423 3507 rei
1499 3445 1794 3526 publicae
1867 3447 2336 3526 capessendae,
2419 3452 2636 3511 omnia

490 3593 658 3654 quae
726 3591 876 3632 eum
936 3581 1170 3652 poetae
1231 3582 1452 3634 nostro
1515 3571 1991 3634 infestissimum
2039 3572 2480 3651 reddiderunt,
2536 3575 2637 3638 hic

493 3709 642 3761 sunt
709 3698 974 3761 collecta
1043 3718 1119 3760 ac
1181 3697 1394 3760 luridis
1463 3698 1783 3760 coloribus
1858 3699 2131 3781 depicta.
2205 3701 2423 3782 Fingit
2488 3723 2637 3763 eum

493 3835 864 3906 portentum
949 3826 1361 3902 detestabile,
1442 3825 1701 3887 foedum
1771 3826 2050 3906 aliquem
2119 3826 2467 3890 Cerberum
2538 3829 2638 3890 vel

491 3950 903 4032 Typhoeum.
989 3951 1354 4012 Audiamus
1435 3952 1647 4031 ipsum
1730 3951 2203 4032 coryphaeum,
2274 3972 2406 4032 quo
2475 3962 2639 4014 teste
2689 3928 2692 3931 .

493 4085 774 4127 comicus

584 4237 962 4324 Ἡρακλέους
1008 4238 1190 4325 ὀργήν
1236 4240 1346 4302 τιν’
1396 4241 1558 4319 ἔχων
1605 4245 1754 4302 τοῖσι
1801 4242 2117 4317 μεγίστοις
2166 4238 2478 4326 ἐπεχείρει,

583 4363 806 4446 διαβας
853 4364 1086 4449 βυρσῶν
1130 4363 1328 4444 ὀσμας
1373 4364 1568 4435 δεινοὶς
1613 4361 1913 4434 κάπειλὰς
1959 4363 2465 4450 βορβοροθύμους,
