<?xml version="1.0" encoding="UTF-8"?>
<!DOCTYPE html PUBLIC "-//W3C//DTD XHTML 1.0 Transitional//EN"
    "http://www.w3.org/TR/xhtml1/DTD/xhtml1-transitional.dtd">
<html xmlns="http://www.w3.org/1999/xhtml" xml:lang="en" lang="en">
 <head>
  <title>
</title>
<meta http-equiv="Content-Type" content="text/html;charset=utf-8" />
  <meta name='ocr-system' content='tesseract 3.04.00' />
  <meta name='ocr-capabilities' content='ocr_page ocr_carea ocr_par ocr_line ocrx_word'/>
</head>
<body>
  <div class='ocr_page' id='page_1' title='image "./metaphoraearist00noorgoog/metaphoraearist00noorgoog_0068.png"; bbox 0 0 3317 5134; ppageno 0'>
   <div class='ocr_carea' id='block_1_1' title="bbox 1607 409 1689 487">
    <p class='ocr_par' dir='ltr' id='par_1_1' title="bbox 1607 409 1689 487">
     <span class='ocr_line' id='line_1_1' title="bbox 1607 409 1689 487; baseline 0 -19"><span class='ocrx_word' id='word_1_1' title='bbox 1607 409 1689 487; x_wconf 84' lang='lat'><strong>56</strong></span> 
     </span>
    </p>
   </div>
   <div class='ocr_carea' id='block_1_2' title="bbox 510 622 2775 4011">
    <p class='ocr_par' dir='ltr' id='par_1_2' title="bbox 584 622 2763 1457">
     <span class='ocr_line' id='line_1_2' title="bbox 669 622 2733 707; baseline -0.002 -19"><span class='ocrx_word' id='word_1_2' title='bbox 669 627 869 707; x_wconf 85' lang='lat' dir='ltr'><strong>Vesp.</strong></span> <span class='ocrx_word' id='word_1_3' title='bbox 920 647 1013 687; x_wconf 88' lang='lat' dir='ltr'><strong>vs.</strong></span> <span class='ocrx_word' id='word_1_4' title='bbox 1067 628 1192 706; x_wconf 84' lang='lat'><strong>878</strong></span> <span class='ocrx_word' id='word_1_5' title='bbox 1242 625 1634 707; x_wconf 92' lang='lat' dir='ltr'><strong>Bdelycleon</strong></span> <span class='ocrx_word' id='word_1_6' title='bbox 1688 624 2062 706; x_wconf 84' lang='lat' dir='ltr'>Apollinem</span> <span class='ocrx_word' id='word_1_7' title='bbox 2110 622 2284 685; x_wconf 90' lang='lat' dir='ltr'><strong>hisce</strong></span> <span class='ocrx_word' id='word_1_8' title='bbox 2332 622 2543 684; x_wconf 86' lang='lat' dir='ltr'><strong>verbis</strong></span> <span class='ocrx_word' id='word_1_9' title='bbox 2591 631 2733 684; x_wconf 87' lang='lat' dir='ltr'><strong>orat</strong></span> 
     </span>
     <span class='ocr_line' id='line_1_3' title="bbox 584 727 2363 832; baseline -0.001 -20"><span class='ocrx_word' id='word_1_10' title='bbox 584 762 655 815; x_wconf 91' lang='lat' dir='ltr'><strong>ut</strong></span> <span class='ocrx_word' id='word_1_11' title='bbox 700 753 898 832; x_wconf 87' lang='lat' dir='ltr'><strong>patris</strong></span> <span class='ocrx_word' id='word_1_12' title='bbox 943 773 1239 832; x_wconf 79' lang='lat' dir='ltr'><strong>asperam</strong></span> <span class='ocrx_word' id='word_1_13' title='bbox 1288 727 1584 814; x_wconf 77' lang='lat' dir='ltr'><strong>naturam</strong></span> <span class='ocrx_word' id='word_1_14' title='bbox 1629 751 2029 832; x_wconf 89' lang='lat' dir='ltr'><strong>aliquantum</strong></span> <span class='ocrx_word' id='word_1_15' title='bbox 2079 751 2363 830; x_wconf 84' lang='lat' dir='ltr'><strong>mitiget:</strong></span> 
     </span>
     <span class='ocr_line' id='line_1_4' title="bbox 587 861 2763 962; baseline -0.003 -22"><span class='ocrx_word' id='word_1_16' title='bbox 587 875 810 940; x_wconf 75' lang='grc' dir='ltr'><em>παῦσον</em></span> <span class='ocrx_word' id='word_1_17' title='bbox 850 876 907 939; x_wconf 81' lang='grc' dir='ltr'><strong>τ’</strong></span> <span class='ocrx_word' id='word_1_18' title='bbox 953 877 1140 940; x_wconf 71' lang='grc' dir='ltr'><em>αὑτοῦ</em></span> <span class='ocrx_word' id='word_1_19' title='bbox 1179 876 1354 941; x_wconf 72' lang='grc' dir='ltr'><em>τοῦτο</em></span> <span class='ocrx_word' id='word_1_20' title='bbox 1396 879 1464 940; x_wconf 78' lang='grc' dir='ltr'><strong>τὸ</strong></span> <span class='ocrx_word' id='word_1_21' title='bbox 1505 883 1642 938; x_wconf 87' lang='grc' dir='ltr'><strong>λιάν</strong></span> <span class='ocrx_word' id='word_1_22' title='bbox 1681 873 1980 962; x_wconf 74' lang='grc' dir='ltr'><em>στρυφνὸν</em></span> <span class='ocrx_word' id='word_1_23' title='bbox 2018 879 2124 938; x_wconf 80' lang='grc' dir='ltr'><strong>καὶ</strong></span> <span class='ocrx_word' id='word_1_24' title='bbox 2162 879 2405 960; x_wconf 89' lang='grc' dir='ltr'><em>πρίνινον</em></span> <span class='ocrx_word' id='word_1_25' title='bbox 2430 871 2529 959; x_wconf 85' lang='lat'><strong>(¹)</strong></span> <span class='ocrx_word' id='word_1_26' title='bbox 2570 861 2763 949; x_wconf 36' lang='lat' dir='ltr'><strong>&amp;OQ-‚¹</strong></span> 
     </span>
     <span class='ocr_line' id='line_1_5' title="bbox 587 1001 2424 1089; baseline -0.002 -24"><span class='ocrx_word' id='word_1_27' title='bbox 587 1005 729 1066; x_wconf 74' lang='grc' dir='ltr'><em>ἀντὶ</em></span> <span class='ocrx_word' id='word_1_28' title='bbox 771 1009 992 1089; x_wconf 82' lang='grc' dir='ltr'><em>σιραίου</em></span> <span class='ocrx_word' id='word_1_29' title='bbox 1043 1006 1289 1084; x_wconf 77' lang='grc' dir='ltr'><em>μέλιτος</em></span> <span class='ocrx_word' id='word_1_30' title='bbox 1337 1004 1544 1087; x_wconf 77' lang='grc' dir='ltr'><em>μικρὸν</em></span> <span class='ocrx_word' id='word_1_31' title='bbox 1590 1008 1675 1080; x_wconf 79' lang='grc' dir='ltr'><strong>τῷ</strong></span> <span class='ocrx_word' id='word_1_32' title='bbox 1722 1001 1962 1081; x_wconf 75' lang='grc' dir='ltr'><em>θυμιδίῳ</em></span> <span class='ocrx_word' id='word_1_33' title='bbox 2011 1003 2424 1086; x_wconf 68' lang='grc' dir='ltr'><strong>παραμείξας.</strong></span> 
     </span>
     <span class='ocr_line' id='line_1_6' title="bbox 588 1138 2733 1222; baseline -0.003 -18"><span class='ocrx_word' id='word_1_34' title='bbox 588 1163 927 1222; x_wconf 83' lang='lat' dir='ltr'><strong>compesce</strong></span> <span class='ocrx_word' id='word_1_35' title='bbox 997 1143 1132 1203; x_wconf 91' lang='lat' dir='ltr'><strong>eius</strong></span> <span class='ocrx_word' id='word_1_36' title='bbox 1219 1141 1497 1203; x_wconf 83' lang='lat' dir='ltr'><strong>indolem</strong></span> <span class='ocrx_word' id='word_1_37' title='bbox 1580 1143 1766 1202; x_wconf 87' lang='lat' dir='ltr'><strong>nimis</strong></span> <span class='ocrx_word' id='word_1_38' title='bbox 1854 1151 2178 1202; x_wconf 85' lang='lat' dir='ltr'><strong>austeram</strong></span> <span class='ocrx_word' id='word_1_39' title='bbox 2266 1149 2331 1201; x_wconf 92' lang='lat' dir='ltr'><strong>et</strong></span> <span class='ocrx_word' id='word_1_40' title='bbox 2399 1138 2733 1219; x_wconf 80' lang='lat' dir='ltr'><strong>iligneam,</strong></span> 
     </span>
     <span class='ocr_line' id='line_1_7' title="bbox 589 1242 2736 1354; baseline -0.002 -25"><span class='ocrx_word' id='word_1_41' title='bbox 589 1267 654 1354; x_wconf 84' lang='lat' dir='ltr'><strong>(i.</strong></span> <span class='ocrx_word' id='word_1_42' title='bbox 704 1290 759 1330; x_wconf 89' lang='lat' dir='ltr'><strong>e.</strong></span> <span class='ocrx_word' id='word_1_43' title='bbox 828 1268 1056 1347; x_wconf 79' lang='lat' dir='ltr'><strong>duram</strong></span> <span class='ocrx_word' id='word_1_44' title='bbox 1119 1277 1457 1349; x_wconf 87' lang='lat' dir='ltr'><strong>tamquam</strong></span> <span class='ocrx_word' id='word_1_45' title='bbox 1519 1268 1667 1349; x_wconf 84' lang='lat' dir='ltr'><strong>ilex)</strong></span> <span class='ocrx_word' id='word_1_46' title='bbox 1731 1289 1849 1349; x_wconf 92' lang='lat' dir='ltr'><strong>pro</strong></span> <span class='ocrx_word' id='word_1_47' title='bbox 1910 1267 2161 1330; x_wconf 91' lang='lat' dir='ltr'><strong>defruto</strong></span> <span class='ocrx_word' id='word_1_48' title='bbox 2225 1266 2426 1328; x_wconf 93' lang='lat' dir='ltr'><strong>mellis</strong></span> <span class='ocrx_word' id='word_1_49' title='bbox 2471 1242 2736 1346; x_wconf 83' lang='lat' dir='ltr'><strong>paulum</strong></span> 
     </span>
     <span class='ocr_line' id='line_1_8' title="bbox 590 1394 1410 1457; baseline -0.001 0"><span class='ocrx_word' id='word_1_50' title='bbox 590 1397 724 1457; x_wconf 88' lang='lat' dir='ltr'><strong>eius</strong></span> <span class='ocrx_word' id='word_1_51' title='bbox 771 1395 987 1456; x_wconf 88' lang='lat' dir='ltr'><strong>animo</strong></span> <span class='ocrx_word' id='word_1_52' title='bbox 1035 1394 1410 1456; x_wconf 77' lang='lat' dir='ltr'><strong>admiscens,</strong></span> 
     </span>
    </p>

    <p class='ocr_par' dir='ltr' id='par_1_3' title="bbox 591 1517 2581 1600">
     <span class='ocr_line' id='line_1_9' title="bbox 591 1517 2581 1600; baseline -0.001 -20"><span class='ocrx_word' id='word_1_53' title='bbox 591 1519 1071 1600; x_wconf 81' lang='lat' dir='ltr'><strong>Infragmento</strong></span> <span class='ocrx_word' id='word_1_54' title='bbox 1126 1535 1249 1599; x_wconf 85' lang='lat'><strong>190</strong></span> <span class='ocrx_word' id='word_1_55' title='bbox 1295 1519 1569 1600; x_wconf 87' lang='lat' dir='ltr'><strong>legimus</strong></span> <span class='ocrx_word' id='word_1_56' title='bbox 1615 1519 1782 1582; x_wconf 89' lang='lat' dir='ltr'><strong>hanc</strong></span> <span class='ocrx_word' id='word_1_57' title='bbox 1829 1521 2055 1581; x_wconf 91' lang='lat' dir='ltr'><strong>miram</strong></span> <span class='ocrx_word' id='word_1_58' title='bbox 2104 1517 2581 1599; x_wconf 85' lang='lat' dir='ltr'><strong>metaphoram:</strong></span> 
     </span>
    </p>

    <p class='ocr_par' dir='ltr' id='par_1_4' title="bbox 778 1643 2558 1732">
     <span class='ocr_line' id='line_1_10' title="bbox 778 1643 2558 1732; baseline -0.001 -26"><span class='ocrx_word' id='word_1_59' title='bbox 778 1643 866 1706; x_wconf 43' lang='grc' dir='ltr'><strong>ΥΩ</strong></span> <span class='ocrx_word' id='word_1_60' title='bbox 906 1645 1220 1730; x_wconf 75' lang='grc' dir='ltr'><em>πρεσβῦτα</em></span> <span class='ocrx_word' id='word_1_61' title='bbox 1270 1649 1494 1731; x_wconf 78' lang='grc' dir='ltr'><em>πότερα</em></span> <span class='ocrx_word' id='word_1_62' title='bbox 1541 1643 1739 1724; x_wconf 76' lang='grc' dir='ltr'><em>φιλεῖς</em></span> <span class='ocrx_word' id='word_1_63' title='bbox 1779 1651 1895 1717; x_wconf 76' lang='grc' dir='ltr'><strong>τας</strong></span> <span class='ocrx_word' id='word_1_64' title='bbox 1937 1648 2238 1732; x_wconf 63' lang='grc' dir='ltr'><em>δρυπεπεῖς</em></span> <span class='ocrx_word' id='word_1_65' title='bbox 2276 1647 2558 1729; x_wconf 80' lang='grc' dir='ltr'><em>ἑταίρας,</em></span> 
     </span>
    </p>

    <p class='ocr_par' dir='ltr' id='par_1_5' title="bbox 770 1747 2296 1858">
     <span class='ocr_line' id='line_1_11' title="bbox 770 1747 2296 1858; baseline 0.001 -24"><span class='ocrx_word' id='word_1_66' title='bbox 770 1771 802 1848; x_wconf 71' lang='grc' dir='ltr'>ἢ</span> <span class='ocrx_word' id='word_1_67' title='bbox 851 1776 955 1834; x_wconf 84' lang='grc' dir='ltr'><strong>καὶ</strong></span> <span class='ocrx_word' id='word_1_68' title='bbox 1001 1772 1117 1843; x_wconf 76' lang='grc' dir='ltr'><strong>τας</strong></span> <span class='ocrx_word' id='word_1_69' title='bbox 1166 1772 1590 1858; x_wconf 73' lang='grc' dir='ltr'><strong>ὑποπαρθένους</strong></span> <span class='ocrx_word' id='word_1_70' title='bbox 1635 1747 1935 1852; x_wconf 75' lang='grc' dir='ltr'><em>οὲλμοέδας</em></span> <span class='ocrx_word' id='word_1_71' title='bbox 1981 1777 2055 1844; x_wconf 84' lang='grc' dir='ltr'><strong>ὡς</strong></span> <span class='ocrx_word' id='word_1_72' title='bbox 2104 1773 2296 1843; x_wconf 76' lang='grc' dir='ltr'><em>ε’λοέας</em></span> 
     </span>
    </p>

    <p class='ocr_par' dir='ltr' id='par_1_6' title="bbox 592 1895 2775 2737">
     <span class='ocr_line' id='line_1_12' title="bbox 768 1895 1064 1983; baseline 0 -25"><span class='ocrx_word' id='word_1_73' title='bbox 768 1895 1064 1983; x_wconf 76' lang='grc' dir='ltr'><em>στιφροές;</em></span> 
     </span>
     <span class='ocr_line' id='line_1_13' title="bbox 594 2023 2741 2106; baseline -0.001 -21"><span class='ocrx_word' id='word_1_74' title='bbox 594 2025 887 2086; x_wconf 88' lang='lat' dir='ltr'><strong>Amasne</strong></span> <span class='ocrx_word' id='word_1_75' title='bbox 957 2024 1201 2106; x_wconf 90' lang='lat' dir='ltr'><strong>puellas</strong></span> <span class='ocrx_word' id='word_1_76' title='bbox 1275 2035 1408 2086; x_wconf 91' lang='lat' dir='ltr'><strong>tam</strong></span> <span class='ocrx_word' id='word_1_77' title='bbox 1481 2033 1767 2087; x_wconf 88' lang='lat' dir='ltr'><strong>maturas</strong></span> <span class='ocrx_word' id='word_1_78' title='bbox 1832 2045 2029 2106; x_wconf 91' lang='lat' dir='ltr'><strong>quam</strong></span> <span class='ocrx_word' id='word_1_79' title='bbox 2101 2033 2252 2086; x_wconf 89' lang='lat' dir='ltr'><strong>sunt</strong></span> <span class='ocrx_word' id='word_1_80' title='bbox 2298 2023 2521 2099; x_wconf 87' lang='lat' dir='ltr'><strong>olivae,</strong></span> <span class='ocrx_word' id='word_1_81' title='bbox 2571 2043 2741 2104; x_wconf 89' lang='lat' dir='ltr'><strong>quae</strong></span> 
     </span>
     <span class='ocr_line' id='line_1_14' title="bbox 593 2150 2775 2240; baseline -0.002 -28"><span class='ocrx_word' id='word_1_82' title='bbox 593 2151 677 2212; x_wconf 92' lang='lat' dir='ltr'><strong>ab</strong></span> <span class='ocrx_word' id='word_1_83' title='bbox 759 2151 1093 2212; x_wconf 86' lang='lat' dir='ltr'><strong>arboribus</strong></span> <span class='ocrx_word' id='word_1_84' title='bbox 1175 2151 1510 2240; x_wconf 80' lang='lat' dir='ltr'><strong>decidunt,</strong></span> <span class='ocrx_word' id='word_1_85' title='bbox 1583 2173 1666 2240; x_wconf 88' lang='lat' dir='ltr'><strong>an</strong></span> <span class='ocrx_word' id='word_1_86' title='bbox 1737 2153 1929 2213; x_wconf 86' lang='lat' dir='ltr'><strong>etiam</strong></span> <span class='ocrx_word' id='word_1_87' title='bbox 1963 2176 1969 2184; x_wconf 70' lang='lat'><strong><em>¹</em></strong></span> <span class='ocrx_word' id='word_1_88' title='bbox 2000 2172 2143 2225; x_wconf 84' lang='lat' dir='ltr'><strong>eaS,</strong></span> <span class='ocrx_word' id='word_1_89' title='bbox 2215 2171 2383 2231; x_wconf 91' lang='lat' dir='ltr'><strong>quae</strong></span> <span class='ocrx_word' id='word_1_90' title='bbox 2452 2150 2775 2211; x_wconf 30' lang='lat' dir='ltr'><strong>nondum&gt;</strong></span> 
     </span>
     <span class='ocr_line' id='line_1_15' title="bbox 593 2275 2742 2358; baseline -0.001 -20"><span class='ocrx_word' id='word_1_91' title='bbox 593 2276 850 2339; x_wconf 89' lang='lat' dir='ltr'><strong>adultae</strong></span> <span class='ocrx_word' id='word_1_92' title='bbox 916 2287 1100 2353; x_wconf 87' lang='lat' dir='ltr'><strong>sunt,</strong></span> <span class='ocrx_word' id='word_1_93' title='bbox 1171 2278 1335 2339; x_wconf 89' lang='lat' dir='ltr'><strong>sicut</strong></span> <span class='ocrx_word' id='word_1_94' title='bbox 1402 2277 1609 2338; x_wconf 91' lang='lat' dir='ltr'><strong>olivae</strong></span> <span class='ocrx_word' id='word_1_95' title='bbox 1680 2277 1910 2353; x_wconf 90' lang='lat' dir='ltr'><strong>durae,</strong></span> <span class='ocrx_word' id='word_1_96' title='bbox 1988 2296 2155 2357; x_wconf 91' lang='lat' dir='ltr'><strong>quae</strong></span> <span class='ocrx_word' id='word_1_97' title='bbox 2216 2277 2589 2358; x_wconf 83' lang='lat' dir='ltr'><strong>priusquam</strong></span> <span class='ocrx_word' id='word_1_98' title='bbox 2658 2275 2742 2336; x_wconf 89' lang='lat' dir='ltr'><strong>ad</strong></span> 
     </span>
     <span class='ocr_line' id='line_1_16' title="bbox 594 2402 2739 2483; baseline 0 -19"><span class='ocrx_word' id='word_1_99' title='bbox 594 2404 1035 2465; x_wconf 83' lang='lat' dir='ltr'><strong>maturitatem</strong></span> <span class='ocrx_word' id='word_1_100' title='bbox 1082 2413 1512 2483; x_wconf 90' lang='lat' dir='ltr'><strong>pervenerunt</strong></span> <span class='ocrx_word' id='word_1_101' title='bbox 1572 2403 2001 2483; x_wconf 85' lang='lat' dir='ltr'><strong>decerpuntur</strong></span> <span class='ocrx_word' id='word_1_102' title='bbox 2046 2411 2112 2464; x_wconf 92' lang='lat' dir='ltr'><strong>et</strong></span> <span class='ocrx_word' id='word_1_103' title='bbox 2158 2402 2288 2463; x_wconf 90' lang='lat' dir='ltr'><strong>sale</strong></span> <span class='ocrx_word' id='word_1_104' title='bbox 2334 2402 2739 2464; x_wconf 87' lang='lat' dir='ltr'><strong>condiuntur.</strong></span> 
     </span>
     <span class='ocr_line' id='line_1_17' title="bbox 595 2526 2742 2608; baseline -0.001 -18"><span class='ocrx_word' id='word_1_105' title='bbox 595 2527 802 2608; x_wconf 87' lang='lat' dir='ltr'><strong>(Sicut</strong></span> <span class='ocrx_word' id='word_1_106' title='bbox 851 2549 967 2589; x_wconf 90' lang='lat' dir='ltr'><strong>nos</strong></span> <span class='ocrx_word' id='word_1_107' title='bbox 1013 2528 1094 2590; x_wconf 91' lang='lat' dir='ltr'><strong>ad</strong></span> <span class='ocrx_word' id='word_1_108' title='bbox 1143 2537 1409 2608; x_wconf 83' lang='lat' dir='ltr'><strong>gustum</strong></span> <span class='ocrx_word' id='word_1_109' title='bbox 1458 2527 1873 2589; x_wconf 86' lang='lat' dir='ltr'><strong>excitandum</strong></span> <span class='ocrx_word' id='word_1_110' title='bbox 1920 2548 2291 2589; x_wconf 90' lang='lat' dir='ltr'><strong>cucumeres</strong></span> <span class='ocrx_word' id='word_1_111' title='bbox 2339 2526 2589 2588; x_wconf 89' lang='lat' dir='ltr'><strong>edimus</strong></span> <span class='ocrx_word' id='word_1_112' title='bbox 2611 2527 2742 2588; x_wconf 89' lang='lat' dir='ltr'><strong>sale</strong></span> 
     </span>
     <span class='ocr_line' id='line_1_18' title="bbox 592 2651 1313 2737; baseline 0.001 -23"><span class='ocrx_word' id='word_1_113' title='bbox 592 2653 694 2714; x_wconf 89' lang='lat' dir='ltr'><strong>vel</strong></span> <span class='ocrx_word' id='word_1_114' title='bbox 739 2664 924 2717; x_wconf 90' lang='lat' dir='ltr'><strong>aceto</strong></span> <span class='ocrx_word' id='word_1_115' title='bbox 969 2651 1313 2737; x_wconf 86' lang='lat' dir='ltr'><strong>conditos).</strong></span> 
     </span>
    </p>

    <p class='ocr_par' dir='ltr' id='par_1_7' title="bbox 510 2775 2746 3347">
     <span class='ocr_line' id='line_1_19' title="bbox 682 2775 2746 2859; baseline -0.001 -19"><span class='ocrx_word' id='word_1_116' title='bbox 682 2781 970 2842; x_wconf 91' lang='lat' dir='ltr'><strong>Immites</strong></span> <span class='ocrx_word' id='word_1_117' title='bbox 1033 2799 1197 2840; x_wconf 89' lang='lat' dir='ltr'><strong>uvae</strong></span> <span class='ocrx_word' id='word_1_118' title='bbox 1245 2779 1490 2841; x_wconf 91' lang='lat' dir='ltr'><strong>Graece</strong></span> <span class='ocrx_word' id='word_1_119' title='bbox 1536 2775 1820 2857; x_wconf 74' lang='grc' dir='ltr'><em>ὄμφακες</em></span> <span class='ocrx_word' id='word_1_120' title='bbox 1866 2789 2211 2854; x_wconf 88' lang='lat' dir='ltr'><strong>vocantur,</strong></span> <span class='ocrx_word' id='word_1_121' title='bbox 2260 2780 2505 2859; x_wconf 90' lang='lat' dir='ltr'><strong>tropice</strong></span> <span class='ocrx_word' id='word_1_122' title='bbox 2550 2779 2746 2859; x_wconf 85' lang='lat' dir='ltr'><strong>igitur</strong></span> 
     </span>
     <span class='ocr_line' id='line_1_20' title="bbox 510 2894 2740 2985; baseline -0.002 -16"><span class='ocrx_word' id='word_1_123' title='bbox 510 2894 515 2898; x_wconf 38' lang='lat'>⁵</span> <span class='ocrx_word' id='word_1_124' title='bbox 594 2907 826 2969; x_wconf 90' lang='lat' dir='ltr'><strong>dicitur</strong></span> <span class='ocrx_word' id='word_1_125' title='bbox 893 2904 1160 2984; x_wconf 76' lang='grc' dir='ltr'><em>ὄμφακα</em></span> <span class='ocrx_word' id='word_1_126' title='bbox 1232 2903 1478 2984; x_wconf 78' lang='grc' dir='ltr'><strong>βλέπειν</strong></span> <span class='ocrx_word' id='word_1_127' title='bbox 1545 2924 1664 2985; x_wconf 88' lang='lat' dir='ltr'><strong>pro</strong></span> <span class='ocrx_word' id='word_1_128' title='bbox 1722 2904 2025 2966; x_wconf 89' lang='lat' dir='ltr'><strong>acerbum</strong></span> <span class='ocrx_word' id='word_1_129' title='bbox 2088 2913 2420 2984; x_wconf 88' lang='lat' dir='ltr'><strong>aspectum</strong></span> <span class='ocrx_word' id='word_1_130' title='bbox 2482 2902 2740 2966; x_wconf 88' lang='lat' dir='ltr'><strong>habere.</strong></span> 
     </span>
     <span class='ocr_line' id='line_1_21' title="bbox 593 3028 2743 3110; baseline -0.002 -15"><span class='ocrx_word' id='word_1_131' title='bbox 593 3033 849 3096; x_wconf 90' lang='lat' dir='ltr'><strong>Eodem</strong></span> <span class='ocrx_word' id='word_1_132' title='bbox 916 3030 1236 3093; x_wconf 86' lang='lat' dir='ltr'><strong>vocabulo</strong></span> <span class='ocrx_word' id='word_1_133' title='bbox 1303 3030 1712 3110; x_wconf 87' lang='lat' dir='ltr'><strong>Dicaeopolis</strong></span> <span class='ocrx_word' id='word_1_134' title='bbox 1784 3032 1981 3092; x_wconf 88' lang='lat' dir='ltr'><strong>utitur</strong></span> <span class='ocrx_word' id='word_1_135' title='bbox 2040 3028 2211 3091; x_wconf 82' lang='lat' dir='ltr'><strong>Ach.</strong></span> <span class='ocrx_word' id='word_1_136' title='bbox 2275 3050 2369 3090; x_wconf 90' lang='lat' dir='ltr'><strong>VS.</strong></span> <span class='ocrx_word' id='word_1_137' title='bbox 2421 3046 2454 3108; x_wconf 87' lang='lat'>3</span> <span class='ocrx_word' id='word_1_138' title='bbox 2467 3042 2568 3106; x_wconf 83' lang='lat'><strong>52,</strong></span> <span class='ocrx_word' id='word_1_139' title='bbox 2635 3030 2743 3090; x_wconf 92' lang='lat' dir='ltr'><strong>ubi</strong></span> 
     </span>
     <span class='ocr_line' id='line_1_22' title="bbox 594 3154 2744 3240; baseline -0.002 -20"><span class='ocrx_word' id='word_1_140' title='bbox 594 3159 1102 3240; x_wconf 84' lang='lat' dir='ltr'><strong>indignationem</strong></span> <span class='ocrx_word' id='word_1_141' title='bbox 1165 3177 1348 3218; x_wconf 89' lang='lat' dir='ltr'><strong>suam</strong></span> <span class='ocrx_word' id='word_1_142' title='bbox 1397 3165 1622 3218; x_wconf 91' lang='lat' dir='ltr'><strong>contra</strong></span> <span class='ocrx_word' id='word_1_143' title='bbox 1668 3175 1893 3216; x_wconf 91' lang='lat' dir='ltr'><strong>saevos</strong></span> <span class='ocrx_word' id='word_1_144' title='bbox 1941 3175 2125 3216; x_wconf 89' lang='lat' dir='ltr'><strong>senes</strong></span> <span class='ocrx_word' id='word_1_145' title='bbox 2171 3154 2573 3217; x_wconf 91' lang='lat' dir='ltr'><strong>Acharnicos</strong></span> <span class='ocrx_word' id='word_1_146' title='bbox 2620 3154 2744 3217; x_wconf 92' lang='lat' dir='ltr'><strong>hoc</strong></span> 
     </span>
     <span class='ocr_line' id='line_1_23' title="bbox 597 3283 1138 3347; baseline -0.007 0"><span class='ocrx_word' id='word_1_147' title='bbox 597 3286 794 3347; x_wconf 90' lang='lat' dir='ltr'><strong>modo</strong></span> <span class='ocrx_word' id='word_1_148' title='bbox 839 3283 1138 3346; x_wconf 87' lang='lat' dir='ltr'><strong>effundit:</strong></span> 
     </span>
    </p>

    <p class='ocr_par' dir='ltr' id='par_1_8' title="bbox 863 3403 2214 3493">
     <span class='ocr_line' id='line_1_24' title="bbox 863 3403 2214 3493; baseline -0.004 -21"><span class='ocrx_word' id='word_1_149' title='bbox 863 3406 1047 3472; x_wconf 77' lang='grc' dir='ltr'><em>δεινὸν</em></span> <span class='ocrx_word' id='word_1_150' title='bbox 1093 3407 1222 3493; x_wconf 77' lang='grc' dir='ltr'><strong>γαρ</strong></span> <span class='ocrx_word' id='word_1_151' title='bbox 1277 3409 1460 3476; x_wconf 76' lang='grc' dir='ltr'><em>οὕτως</em></span> <span class='ocrx_word' id='word_1_152' title='bbox 1514 3403 1835 3485; x_wconf 74' lang='grc' dir='ltr'><strong>ὀμφακίαν</strong></span> <span class='ocrx_word' id='word_1_153' title='bbox 1882 3404 2214 3485; x_wconf 73' lang='grc' dir='ltr'><em>πεφυκέναι</em></span> 
     </span>
    </p>

    <p class='ocr_par' dir='ltr' id='par_1_9' title="bbox 592 3530 2749 4011">
     <span class='ocr_line' id='line_1_25' title="bbox 865 3530 2345 3617; baseline -0.003 -18"><span class='ocrx_word' id='word_1_154' title='bbox 865 3537 968 3599; x_wconf 78' lang='grc' dir='ltr'><strong>τὸν</strong></span> <span class='ocrx_word' id='word_1_155' title='bbox 1013 3534 1196 3614; x_wconf 76' lang='grc' dir='ltr'><em>θυμὸν</em></span> <span class='ocrx_word' id='word_1_156' title='bbox 1244 3530 1469 3617; x_wconf 76' lang='grc' dir='ltr'><em>ἀνδρῶν</em></span> <span class='ocrx_word' id='word_1_157' title='bbox 1515 3536 1669 3594; x_wconf 81' lang='grc' dir='ltr'><em>ὥστε</em></span> <span class='ocrx_word' id='word_1_158' title='bbox 1717 3531 1975 3612; x_wconf 70' lang='grc' dir='ltr'><em>βάλλειν</em></span> <span class='ocrx_word' id='word_1_159' title='bbox 2022 3536 2128 3594; x_wconf 72' lang='grc' dir='ltr'><strong>καὶ</strong></span> <span class='ocrx_word' id='word_1_160' title='bbox 2170 3532 2345 3613; x_wconf 67' lang='grc' dir='ltr'><em>βοοῖν.</em></span> 
     </span>
     <span class='ocr_line' id='line_1_26' title="bbox 609 3647 2747 3756; baseline -0.004 -16"><span class='ocrx_word' id='word_1_161' title='bbox 609 3688 614 3693; x_wconf 84' lang='grc'><strong>”</strong></span> <span class='ocrx_word' id='word_1_162' title='bbox 686 3676 1056 3756; x_wconf 84' lang='lat' dir='ltr'><strong>Unicuique</strong></span> <span class='ocrx_word' id='word_1_163' title='bbox 1112 3683 1210 3736; x_wconf 88' lang='lat' dir='ltr'><strong>est</strong></span> <span class='ocrx_word' id='word_1_164' title='bbox 1267 3681 1495 3734; x_wconf 91' lang='lat' dir='ltr'><strong>notum</strong></span> <span class='ocrx_word' id='word_1_165' title='bbox 1561 3657 2066 3751; x_wconf 82' lang='lat' dir='ltr'><strong>Aristophanem</strong></span> <span class='ocrx_word' id='word_1_166' title='bbox 2116 3647 2333 3732; x_wconf 89' lang='lat' dir='ltr'><strong>omnia</strong></span> <span class='ocrx_word' id='word_1_167' title='bbox 2377 3670 2504 3733; x_wconf 90' lang='lat' dir='ltr'><strong>fere</strong></span> <span class='ocrx_word' id='word_1_168' title='bbox 2548 3672 2747 3732; x_wconf 88' lang='lat' dir='ltr'><strong>verba</strong></span> 
     </span>
     <span class='ocr_line' id='line_1_27' title="bbox 595 3795 2749 3880; baseline -0.003 -14"><span class='ocrx_word' id='word_1_169' title='bbox 595 3805 791 3866; x_wconf 90' lang='lat' dir='ltr'><strong>libere</strong></span> <span class='ocrx_word' id='word_1_170' title='bbox 854 3803 1240 3880; x_wconf 88' lang='lat' dir='ltr'><strong>coniungere</strong></span> <span class='ocrx_word' id='word_1_171' title='bbox 1308 3797 1511 3860; x_wconf 87' lang='lat' dir='ltr'><strong>solere</strong></span> <span class='ocrx_word' id='word_1_172' title='bbox 1580 3816 1727 3858; x_wconf 92' lang='lat' dir='ltr'><strong>cum</strong></span> <span class='ocrx_word' id='word_1_173' title='bbox 1796 3796 1995 3857; x_wconf 87' lang='lat' dir='ltr'><strong>verbo</strong></span> <span class='ocrx_word' id='word_1_174' title='bbox 2066 3795 2331 3876; x_wconf 81' lang='grc' dir='ltr'><em>βλέπειν,</em></span> <span class='ocrx_word' id='word_1_175' title='bbox 2397 3806 2469 3858; x_wconf 91' lang='lat' dir='ltr'><strong>ut</strong></span> <span class='ocrx_word' id='word_1_176' title='bbox 2515 3797 2749 3859; x_wconf 88' lang='lat' dir='ltr'><strong>indicet</strong></span> 
     </span>
     <span class='ocr_line' id='line_1_28' title="bbox 592 3921 2747 4011; baseline -0.005 -19"><span class='ocrx_word' id='word_1_177' title='bbox 592 3931 874 4011; x_wconf 88' lang='lat' dir='ltr'><strong>aliquem</strong></span> <span class='ocrx_word' id='word_1_178' title='bbox 922 3928 1008 3988; x_wconf 88' lang='lat' dir='ltr'><strong>rei</strong></span> <span class='ocrx_word' id='word_1_179' title='bbox 1073 3925 1405 3987; x_wconf 89' lang='lat' dir='ltr'><strong>cuiusdam</strong></span> <span class='ocrx_word' id='word_1_180' title='bbox 1467 3924 1747 4005; x_wconf 91' lang='lat' dir='ltr'><strong>speciem</strong></span> <span class='ocrx_word' id='word_1_181' title='bbox 1806 3923 2129 4002; x_wconf 88' lang='lat' dir='ltr'><strong>praebere.</strong></span> <span class='ocrx_word' id='word_1_182' title='bbox 2193 3921 2298 3984; x_wconf 88' lang='lat' dir='ltr'><strong>Sic</strong></span> <span class='ocrx_word' id='word_1_183' title='bbox 2360 3942 2476 4002; x_wconf 92' lang='lat' dir='ltr'><strong>pro</strong></span> <span class='ocrx_word' id='word_1_184' title='bbox 2538 3921 2747 3983; x_wconf 92' lang='lat' dir='ltr'><strong>adiec-</strong></span> 
     </span>
    </p>
   </div>
   <div class='ocr_carea' id='block_1_3' title="bbox 596 4048 2267 4139">
    <p class='ocr_par' dir='ltr' id='par_1_10' title="bbox 596 4048 2267 4139">
     <span class='ocr_line' id='line_1_29' title="bbox 596 4048 2267 4139; baseline -0.006 -19"><span class='ocrx_word' id='word_1_185' title='bbox 596 4059 730 4121; x_wconf 91' lang='lat' dir='ltr'><strong>tivo</strong></span> <span class='ocrx_word' id='word_1_186' title='bbox 776 4056 953 4139; x_wconf 74' lang='grc' dir='ltr'><em>δριμύ</em></span> <span class='ocrx_word' id='word_1_187' title='bbox 1001 4053 1261 4114; x_wconf 87' lang='lat' dir='ltr'><strong>nomina</strong></span> <span class='ocrx_word' id='word_1_188' title='bbox 1309 4051 1556 4113; x_wconf 89' lang='lat' dir='ltr'><strong>olerum</strong></span> <span class='ocrx_word' id='word_1_189' title='bbox 1605 4049 1985 4112; x_wconf 88' lang='lat' dir='ltr'><strong>acerborum</strong></span> <span class='ocrx_word' id='word_1_190' title='bbox 2031 4048 2267 4110; x_wconf 87' lang='lat' dir='ltr'><strong>scribit.</strong></span> 
     </span>
    </p>
   </div>
   <div class='ocr_carea' id='block_1_4' title="bbox 669 4283 2134 4359">
    <p class='ocr_par' dir='ltr' id='par_1_11' title="bbox 669 4283 2134 4359">
     <span class='ocr_line' id='line_1_30' title="bbox 669 4283 2134 4359; baseline -0.009 -15"><span class='ocrx_word' id='word_1_191' title='bbox 669 4299 711 4358; x_wconf 75' lang='grc' dir='ltr'><strong>ι)</strong></span> <span class='ocrx_word' id='word_1_192' title='bbox 749 4296 827 4351; x_wconf 76' lang='lat' dir='ltr'><strong>Cf,</strong></span> <span class='ocrx_word' id='word_1_193' title='bbox 865 4293 992 4346; x_wconf 85' lang='lat' dir='ltr'><strong>Ach.</strong></span> <span class='ocrx_word' id='word_1_194' title='bbox 1033 4309 1102 4342; x_wconf 89' lang='lat' dir='ltr'><strong>vs.</strong></span> <span class='ocrx_word' id='word_1_195' title='bbox 1144 4289 1252 4346; x_wconf 89' lang='lat'>180.</span> <span class='ocrx_word' id='word_1_196' title='bbox 1293 4291 1446 4359; x_wconf 84' lang='lat' dir='ltr'><strong>Vesp.</strong></span> <span class='ocrx_word' id='word_1_197' title='bbox 1487 4303 1557 4337; x_wconf 78' lang='lat' dir='ltr'><strong>vs,</strong></span> <span class='ocrx_word' id='word_1_198' title='bbox 1594 4286 1709 4354; x_wconf 84' lang='lat'>383.</span> <span class='ocrx_word' id='word_1_199' title='bbox 1747 4287 1878 4336; x_wconf 82' lang='lat' dir='ltr'><strong>Ran.</strong></span> <span class='ocrx_word' id='word_1_200' title='bbox 1912 4301 1985 4336; x_wconf 84' lang='lat' dir='ltr'><strong>vs,</strong></span> <span class='ocrx_word' id='word_1_201' title='bbox 2022 4283 2134 4350; x_wconf 78' lang='lat'>859.</span> 
     </span>
    </p>
   </div>
  </div>
 </body>
</html>
