3317 5134
1617 479 1701 538 26

851 661 968 744 ἶβις
1017 660 1395 748 Λυκούργῳ,
1445 660 1835 747 Χαιρεφῶντι
1881 665 2177 747 νυκτερὶς,

851 788 1194 874 Συρακοσίῳ
1241 790 1304 852 δὲ
1349 794 1554 853 κίττα·
1605 788 1879 860 Μειδίας
1926 791 1976 852 δ’
2036 789 2168 852 ε’κεῖ

851 917 1033 1000 ὄρτυξ
1080 915 1376 978 ἐκαλεῖτο·
1424 919 1530 978 καὶ
1574 915 1703 1002 γοὶρ
1751 919 1906 996 ᾔκειν
1956 921 2165 1002 ὄρτυγι

857 1043 964 1106 ὑπὸ
1009 1040 1390 1120 στυφοκόπου
1435 1044 1544 1122 τὴν
1588 1041 1869 1124 κεφαλὴν
1914 1045 2345 1124 πεπληγμένῳ.

678 1233 810 1294 Alii
856 1233 978 1294 alia
1022 1234 1104 1295 de
1141 1231 1317 1295 hisce
1354 1231 1723 1296 hominibus
1761 1233 2119 1315 perhibent.
2169 1234 2355 1316 Quae
2394 1232 2736 1296 scholiasta.

587 1368 859 1421 annotat
908 1359 1146 1440 partIm
1195 1359 1373 1421 utilia
1421 1360 1658 1440 partim
1706 1362 1923 1442 inepta
1969 1349 2139 1424 sunt.

677 1483 1005 1560 Narrab0‚
1054 1504 1222 1565 quae
1272 1483 1424 1547 mihi
1473 1484 1923 1546 verisimillima
1964 1505 2103 1546 esse
2143 1486 2455 1547 videntur.
2507 1484 2734 1565 Caupo

589 1611 782 1691 igitur
826 1609 1088 1692 quidam
1135 1620 1400 1692 propter
1436 1611 1794 1692 ingressum
1834 1611 2039 1696 πέρδιξ
2064 1609 2435 1672 vocabatur.
2485 1610 2734 1691 Menip-

590 1759 712 1820 pus
735 1737 1009 1800 hirundo
1033 1737 1484 1819 appellabatur
1507 1737 1589 1799 ad
1607 1737 1955 1799 barbarum
1982 1737 2115 1798 eius
2140 1737 2407 1798 modum
2430 1703 2736 1830 loquendi

592 1864 1028 1926 deridendum.
1078 1862 1274 1946 (Vide
1319 1884 1409 1926 vs,
1471 1863 1628 1926 1681
1687 1863 1794 1925 ubi
1832 1862 2145 1925 Poseidon
2184 1863 2265 1924 de
2303 1863 2731 1925 Triballorum

591 1988 832 2053 inculto
877 1982 1000 2052 deo
1047 1990 1197 2052 dicit
1220 2011 1233 2052 :

858 2153 955 2233 μοὶ
1002 2154 1105 2216 τὸν
1145 2153 1260 2216 Δί’
1312 2153 1431 2235 οὐχ
1479 2151 1647 2224 οὗτός
1694 2176 1774 2232 γε
1822 2153 2193 2238 παραδοῦναι
2240 2152 2444 2228 λέγει,

857 2283 912 2344 εἰ
953 2283 1039 2361 μὴ
1089 2280 1338 2365 βατίζει
1375 2283 1443 2361 γ’
1493 2286 1685 2367 ὥσπερ
1732 2284 1799 2342 αἱ
1841 2276 2197 2363 χελιδόνες.)

683 2457 1008 2539 Opuntius
1055 2423 1698 2539 sycophanta-altero
1738 2458 1925 2519 oculo
1962 2459 2246 2540 privatus
2270 2467 2533 2540 propter
2555 2477 2733 2538 rapa-

596 2585 857 2646 citatem
920 2605 1105 2645 suam
1162 2583 1519 2646 vocabatur
1576 2583 1791 2645 luscus
1841 2603 2093 2646 corvus,
2162 2583 2471 2645 Philocles
2516 2592 2734 2645 autem

594 2711 874 2792 tragicus
915 2720 1051 2773 erat
1096 2719 1310 2791 poeta,
1360 2708 1473 2770 sed
1515 2728 1627 2769 cur
1665 2708 1896 2770 alauda
1934 2706 2064 2794 (vel
2102 2709 2564 2790 qualiscunque
2603 2709 2737 2769 avis

589 2837 821 2922 κορυδός
858 2836 1068 2919 fuerit)
1110 2857 1149 2896 a
1189 2835 1436 2897 comico
1475 2843 1744 2896 vocetur
1782 2835 2170 2915 ignoramus,
2226 2835 2393 2897 Avis
2429 2832 2532 2897 illa
2571 2833 2735 2896 male

588 2972 886 3024 cantasse
947 2961 1232 3036 videtur,
1280 2961 1456 3042 quod
1505 2960 1744 3023 efficias
1790 2981 1875 3022 ex
1919 2961 2291 3043 proverbio:
2346 2960 2405 3024 ἐν
2454 2959 2735 3040 ἀμούσοις

589 3088 695 3148 καὶ
773 3084 1008 3170 κορυδὸς
1083 3081 1464 3164 φθέγγεται,
1551 3085 1644 3148 Ut
1716 3085 1850 3146 eius
1920 3085 2282 3166 tragoedias
2348 3086 2736 3167 perstringat

591 3213 815 3294 igitur,
895 3221 1112 3274 noster
1178 3209 1302 3272 hoc
1361 3212 1747 3292 cognomine
1807 3209 2151 3273 Philoclem
2197 3210 2417 3274 donat.
2464 3199 2736 3275 'Etenim

594 3338 786 3401 credo
833 3334 1343 3418 Aristophanem
1391 3335 1695 3397 nonnulla
1730 3334 1961 3398 horum
1998 3337 2459 3417 cognominum
2497 3357 2583 3398 ex
2619 3357 2737 3397 suo

593 3465 850 3547 ingenio
887 3443 1352 3544 expromsisse‚
1401 3462 1524 3524 alia
1562 3471 1781 3523 autem
1805 3462 1866 3522 in
1892 3481 2003 3522 ore
2023 3460 2200 3542 vulgi
2223 3460 2430 3530 fuisse.
2472 3463 2739 3542 Propter

592 3591 939 3653 clamorem
980 3609 1170 3651 suum
1210 3587 1435 3650 rabula
1473 3586 1856 3668 Theagenes
1888 3607 2073 3648 anser
2102 3587 2347 3650 dicitur.
2394 3589 2735 3670 Lycurgus

591 3728 811 3781 autem
875 3717 963 3779 ob
1031 3715 1409 3797 magnificas
1481 3715 1930 3795 Aegyptiacas
1998 3723 2211 3776 vestes
2257 3714 2376 3775 ibis
2439 3725 2739 3790 vocatur,

591 3866 667 3908 ac
735 3843 1015 3908 Socratis
1083 3841 1432 3923 discipulus
1480 3839 1905 3921 Chaerephon
1952 3849 2216 3921 propter
2260 3841 2385 3901 oris
2431 3839 2737 3922 pallorem

593 3969 978 4051 vespertilio.
1027 3965 1126 4054 (cf.
1182 3969 1312 4030 Av.
1364 3987 1459 4029 vs,
1520 3962 1741 4049 1564.)

682 4097 962 4177 Loquax
1040 4093 1421 4176 Syracosius
1489 4094 1702 4174 picam
1763 4110 1966 4173 prope
2039 4091 2445 4172 aequiparat,
2515 4091 2743 4152 Midias

588 4244 743 4286 vero
814 4221 947 4298 ille,
996 4221 1108 4303 qui
1168 4220 1526 4282 coturnices
1571 4217 1830 4279 ludendi
1875 4237 2068 4278 causa
2113 4216 2256 4293 alit,
2305 4217 2441 4297 ipse
2480 4218 2741 4297 quidem

592 4349 902 4413 coturnici
985 4346 1204 4408 similis
1287 4354 1419 4421 est,
1514 4343 1695 4405 cuius
1761 4350 1957 4422 caput
2024 4341 2120 4402 ὑπ’
2191 4340 2592 4425 ὀρτυγοκόπου
2658 4343 2740 4404 sit
