3317 5134
1509 451 1594 512 99

1451 713 1620 773 VIII.

551 897 740 960 Caes·
790 898 852 959 d.
914 898 988 960 B.
1037 898 1116 961 G.
1166 898 1291 974 IV,
1340 898 1401 970 6,
1456 913 1534 978 5:

552 1020 950 1103 Principibus
1007 1022 1251 1085 Galliae
1295 1025 1578 1085 evocatis
1625 1023 1862 1087 Caesar
1907 1045 2017 1100 ea,
2070 1045 2236 1107 quae
2281 1046 2613 1107 cognove-

461 1156 595 1222 rat,
646 1146 1102 1209 dissimulanda
1147 1149 1265 1209 sibi
1311 1149 1724 1211 existimavit.

551 1273 673 1333 Pro
722 1271 1091 1350 „evocatis”
1139 1273 1390 1354 legatur
1436 1273 1910 1352 „convocatis''.

1487 1487 1595 1546 IX.

552 1658 892 1721 Demosth.
967 1660 1290 1736 XXXVI,
1345 1677 1378 1740 3
1428 1680 1546 1741 pro
1594 1659 1788 1737 ἐπειδὴ
1837 1658 2037 1745 Φέρειν
2083 1659 2293 1723 τοῦτον
2338 1663 2456 1742 οὐχ
2502 1665 2614 1735 οἶός

459 1783 521 1845 τ’
574 1784 734 1857 ἐστὶ,
783 1785 1160 1865 legendum:
1212 1783 1258 1846 ε’.
1308 1783 1381 1863 φ.
1433 1786 1617 1848 αὑτὸν
1661 1784 1829 1855 οὗτος
1872 1809 1928 1847 κ.
1976 1809 2035 1848 τ.
2082 1788 2153 1848 ἑ..

1509 2013 1589 2071 X.

549 2198 707 2260 Ibid.
759 2200 796 2260 8
846 2219 961 2280 pro
1009 2201 1253 2268 τούτους
1299 2200 1624 2276 ὲξελοέκτοις
1670 2200 1960 2280 legatur:
2010 2202 2203 2278 τούτῳ
2251 2208 2321 2263 ὲ..

1481 2424 1590 2482 XI.

551 2608 740 2670 Isocr.
814 2609 940 2684 IV,
1016 2611 1095 2689 38
1168 2609 1364 2671 verba
1435 2606 1665 2692 τροφὴν
1738 2616 1861 2679 τοῖς
1923 2611 2217 2688 δεομένοις
2282 2613 2461 2696 εὑρεῖν
2506 2615 2611 2674 eii-

453 2736 686 2798 cienda
738 2746 906 2797 sunt.

1456 2938 1596 2998 XII.

548 3100 706 3185 Ibid.
755 3139 833 3201 91
888 3143 1006 3203 pro
1056 3125 1222 3201 ἡμᾶς
1275 3129 1360 3200 τῷ
1405 3125 1651 3202 πολέμῳ
1698 3128 1998 3206 κρατῆσαι
2045 3125 2423 3204 legendum:
2472 3124 2611 3194 τούς

453 3247 787 3323 “Ελλ·4νοες
831 3272 887 3310 κ.
936 3270 995 3310 τ’.
1044 3251 1114 3310 ἑ..

1455 3451 1627 3510 ΧΙΙΙ.

545 3636 702 3697 Ibid.
762 3650 881 3715 107
928 3656 1045 3717 pro
1093 3637 1173 3704 εἰς
1220 3635 1337 3706 τοὶς
1381 3635 1797 3720 ἐρημουμένας
1836 3643 1954 3698 τῶν
1979 3643 2203 3699 πόλεων
2228 3637 2605 3717 legendum:

455 3759 505 3822 ε’.
555 3783 614 3822 τ’.
665 3760 1066 3844 ἠρημωμένας
1115 3783 1174 3822 τ’.
1222 3784 1306 3823 π..

1450 3963 1628 4022 XIV.

547 4148 703 4210 Ibid.
763 4162 876 4227 151
929 4148 1126 4210 verba
1174 4151 1249 4214 ὡς
1297 4149 1372 4209 ἂν
1417 4147 1701 4232 ἄνθρωποι
1752 4149 2042 4226 μάλιστα
2093 4149 2207 4219 τοὶς
2247 4147 2456 4228 φύσεις
2480 4150 2609 4209 διοι-

453 4271 738 4358 Φθαρεῖεν
791 4273 1061 4336 delenda
1106 4284 1275 4337 sunt.
