<?xml version="1.0" encoding="UTF-8"?>
<!DOCTYPE html PUBLIC "-//W3C//DTD XHTML 1.0 Transitional//EN"
    "http://www.w3.org/TR/xhtml1/DTD/xhtml1-transitional.dtd">
<html xmlns="http://www.w3.org/1999/xhtml" xml:lang="en" lang="en">
 <head>
  <title>
</title>
<meta http-equiv="Content-Type" content="text/html;charset=utf-8" />
  <meta name='ocr-system' content='tesseract 3.04.00' />
  <meta name='ocr-capabilities' content='ocr_page ocr_carea ocr_par ocr_line ocrx_word'/>
</head>
<body>
  <div class='ocr_page' id='page_1' title='image "./metaphoraearist00noorgoog/metaphoraearist00noorgoog_0099.png"; bbox 0 0 3317 5134; ppageno 0'>
   <div class='ocr_carea' id='block_1_1' title="bbox 59 963 63 1519">
    <p class='ocr_par' dir='ltr' id='par_1_1' title="bbox 59 963 63 1519">
     <span class='ocr_line' id='line_1_1' title="bbox 59 963 63 1519; baseline 0 0"><span class='ocrx_word' id='word_1_1' title='bbox 59 963 63 1519; x_wconf 95' lang='lat' dir='ltr'><strong> </strong></span> 
     </span>
    </p>
   </div>
   <div class='ocr_carea' id='block_1_2' title="bbox 1523 420 1603 498">
    <p class='ocr_par' dir='ltr' id='par_1_2' title="bbox 1523 420 1603 498">
     <span class='ocr_line' id='line_1_2' title="bbox 1523 420 1603 498; baseline 0 0"><span class='ocrx_word' id='word_1_2' title='bbox 1523 420 1603 498; x_wconf 90' lang='lat'><strong>87</strong></span> 
     </span>
    </p>
   </div>
   <div class='ocr_carea' id='block_1_3' title="bbox 495 623 2638 958">
    <p class='ocr_par' dir='ltr' id='par_1_3' title="bbox 495 623 2638 958">
     <span class='ocr_line' id='line_1_3' title="bbox 495 623 2637 710; baseline 0.002 -24"><span class='ocrx_word' id='word_1_3' title='bbox 495 635 693 706; x_wconf 91' lang='lat' dir='ltr'><strong>atque</strong></span> <span class='ocrx_word' id='word_1_4' title='bbox 765 623 975 688; x_wconf 89' lang='lat' dir='ltr'><strong>hercle</strong></span> <span class='ocrx_word' id='word_1_5' title='bbox 1051 627 1140 702; x_wconf 90' lang='lat' dir='ltr'><strong>ei,</strong></span> <span class='ocrx_word' id='word_1_6' title='bbox 1218 627 1383 689; x_wconf 90' lang='lat' dir='ltr'><strong>sicut</strong></span> <span class='ocrx_word' id='word_1_7' title='bbox 1461 646 1695 708; x_wconf 88' lang='lat' dir='ltr'><strong>porc0,</strong></span> <span class='ocrx_word' id='word_1_8' title='bbox 1774 628 2061 689; x_wconf 91' lang='lat' dir='ltr'><strong>immisso</strong></span> <span class='ocrx_word' id='word_1_9' title='bbox 2122 629 2185 689; x_wconf 93' lang='lat' dir='ltr'><strong>in</strong></span> <span class='ocrx_word' id='word_1_10' title='bbox 2254 649 2329 689; x_wconf 92' lang='lat' dir='ltr'><strong>os</strong></span> <span class='ocrx_word' id='word_1_11' title='bbox 2396 629 2637 710; x_wconf 84' lang='lat' dir='ltr'>paxillo</span> 
     </span>
     <span class='ocr_line' id='line_1_4' title="bbox 495 753 2638 836; baseline 0.002 -24"><span class='ocrx_word' id='word_1_12' title='bbox 495 770 851 831; x_wconf 89' lang='lat' dir='ltr'><strong>coquorum</strong></span> <span class='ocrx_word' id='word_1_13' title='bbox 903 773 1114 829; x_wconf 90' lang='lat' dir='ltr'><strong>more,</strong></span> <span class='ocrx_word' id='word_1_14' title='bbox 1168 753 1395 815; x_wconf 91' lang='lat' dir='ltr'><strong>deinde</strong></span> <span class='ocrx_word' id='word_1_15' title='bbox 1441 753 1729 834; x_wconf 82' lang='lat' dir='ltr'><strong>linguam</strong></span> <span class='ocrx_word' id='word_1_16' title='bbox 1774 754 1910 815; x_wconf 90' lang='lat' dir='ltr'><strong>eius</strong></span> <span class='ocrx_word' id='word_1_17' title='bbox 1956 753 2408 828; x_wconf 83' lang='lat' dir='ltr'><strong>extrahenteS,</strong></span> <span class='ocrx_word' id='word_1_18' title='bbox 2457 775 2638 836; x_wconf 93' lang='lat' dir='ltr'><strong>spec-</strong></span> 
     </span>
     <span class='ocr_line' id='line_1_5' title="bbox 496 875 2637 958; baseline 0.002 -21"><span class='ocrx_word' id='word_1_19' title='bbox 496 875 778 937; x_wconf 90' lang='lat' dir='ltr'><strong>tabimus</strong></span> <span class='ocrx_word' id='word_1_20' title='bbox 817 877 1051 958; x_wconf 86' lang='lat' dir='ltr'><strong>probe,</strong></span> <span class='ocrx_word' id='word_1_21' title='bbox 1086 878 1225 958; x_wconf 91' lang='lat' dir='ltr'><strong>ipso</strong></span> <span class='ocrx_word' id='word_1_22' title='bbox 1261 877 1512 954; x_wconf 85' lang='lat' dir='ltr'><strong>hiante,</strong></span> <span class='ocrx_word' id='word_1_23' title='bbox 1557 899 1639 940; x_wconf 86' lang='lat' dir='ltr'><strong>an</strong></span> <span class='ocrx_word' id='word_1_24' title='bbox 1682 878 1861 940; x_wconf 90' lang='lat' dir='ltr'><strong>culus</strong></span> <span class='ocrx_word' id='word_1_25' title='bbox 1903 879 2037 940; x_wconf 88' lang='lat' dir='ltr'><strong>cius</strong></span> <span class='ocrx_word' id='word_1_26' title='bbox 2078 889 2355 942; x_wconf 84' lang='lat' dir='ltr'><strong>strumas</strong></span> <span class='ocrx_word' id='word_1_27' title='bbox 2378 877 2637 941; x_wconf 86' lang='lat' dir='ltr'><strong>habeat.</strong></span> 
     </span>
    </p>
   </div>
   <div class='ocr_carea' id='block_1_4' title="bbox 583 1001 2422 1084">
    <p class='ocr_par' dir='ltr' id='par_1_4' title="bbox 583 1001 2422 1084">
     <span class='ocr_line' id='line_1_6' title="bbox 583 1001 2422 1084; baseline 0.002 -22"><span class='ocrx_word' id='word_1_28' title='bbox 583 1001 699 1064; x_wconf 86' lang='lat' dir='ltr'><strong>Vs.</strong></span> <span class='ocrx_word' id='word_1_29' title='bbox 751 1002 879 1081; x_wconf 89' lang='lat'><strong>768</strong></span> <span class='ocrx_word' id='word_1_30' title='bbox 928 1001 1262 1084; x_wconf 76' lang='lat' dir='ltr'>Paphlago</span> <span class='ocrx_word' id='word_1_31' title='bbox 1304 1002 1615 1066; x_wconf 90' lang='lat' dir='ltr'><strong>affirmat:</strong></span> <span class='ocrx_word' id='word_1_32' title='bbox 1667 1005 1783 1065; x_wconf 87' lang='lat' dir='ltr'><strong>nisi</strong></span> <span class='ocrx_word' id='word_1_33' title='bbox 1831 1014 1896 1066; x_wconf 91' lang='lat' dir='ltr'><strong>te</strong></span> <span class='ocrx_word' id='word_1_34' title='bbox 1941 1025 2126 1081; x_wconf 89' lang='lat' dir='ltr'><strong>am0,</strong></span> <span class='ocrx_word' id='word_1_35' title='bbox 2182 1005 2422 1080; x_wconf 88' lang='lat' dir='ltr'><strong>Deme,</strong></span> 
     </span>
    </p>
   </div>
   <div class='ocr_carea' id='block_1_5' title="bbox 586 1135 2462 1226">
    <p class='ocr_par' dir='ltr' id='par_1_5' title="bbox 586 1135 2462 1226">
     <span class='ocr_line' id='line_1_7' title="bbox 586 1135 2462 1226; baseline 0.002 -27"><span class='ocrx_word' id='word_1_36' title='bbox 586 1135 920 1219; x_wconf 70' lang='grc' dir='ltr'><em>ἀπολοίμην</em></span> <span class='ocrx_word' id='word_1_37' title='bbox 963 1145 1072 1203; x_wconf 80' lang='grc' dir='ltr'><em>καί</em></span> <span class='ocrx_word' id='word_1_38' title='bbox 1111 1138 1498 1226; x_wconf 71' lang='grc' dir='ltr'><strong>διαπρισθείην</strong></span> <span class='ocrx_word' id='word_1_39' title='bbox 1543 1139 2002 1220; x_wconf 71' lang='grc' dir='ltr'><strong>κατατμηθείην</strong></span> <span class='ocrx_word' id='word_1_40' title='bbox 2051 1165 2119 1204; x_wconf 92' lang='grc' dir='ltr'><strong>τε</strong></span> <span class='ocrx_word' id='word_1_41' title='bbox 2165 1143 2462 1205; x_wconf 77' lang='grc' dir='ltr'><em>λέπαδνα.</em></span> 
     </span>
    </p>
   </div>
   <div class='ocr_carea' id='block_1_6' title="bbox 495 1340 2641 1780">
    <p class='ocr_par' dir='ltr' id='par_1_6' title="bbox 495 1340 2641 1780">
     <span class='ocr_line' id='line_1_8' title="bbox 586 1340 2637 1425; baseline 0.001 -23"><span class='ocrx_word' id='word_1_42' title='bbox 586 1340 831 1405; x_wconf 75' lang='lat' dir='ltr'><strong>Eccles,</strong></span> <span class='ocrx_word' id='word_1_43' title='bbox 891 1364 984 1405; x_wconf 77' lang='lat' dir='ltr'><strong>vs,</strong></span> <span class='ocrx_word' id='word_1_44' title='bbox 1053 1346 1174 1424; x_wconf 82' lang='lat'><strong>385</strong></span> <span class='ocrx_word' id='word_1_45' title='bbox 1238 1345 1391 1406; x_wconf 84' lang='lat' dir='ltr'><strong>civis</strong></span> <span class='ocrx_word' id='word_1_46' title='bbox 1453 1345 1755 1425; x_wconf 89' lang='lat' dir='ltr'><strong>quidam,</strong></span> <span class='ocrx_word' id='word_1_47' title='bbox 1822 1344 2071 1406; x_wconf 89' lang='lat' dir='ltr'><strong>rediens</strong></span> <span class='ocrx_word' id='word_1_48' title='bbox 2143 1365 2229 1406; x_wconf 86' lang='lat' dir='ltr'><strong>ex</strong></span> <span class='ocrx_word' id='word_1_49' title='bbox 2296 1343 2637 1419; x_wconf 88' lang='lat' dir='ltr'><strong>concione,</strong></span> 
     </span>
     <span class='ocr_line' id='line_1_9' title="bbox 497 1467 2641 1550; baseline 0.001 -25"><span class='ocrx_word' id='word_1_50' title='bbox 497 1470 784 1527; x_wconf 90' lang='lat' dir='ltr'><strong>nesciens</strong></span> <span class='ocrx_word' id='word_1_51' title='bbox 844 1487 912 1529; x_wconf 93' lang='lat' dir='ltr'><strong>se</strong></span> <span class='ocrx_word' id='word_1_52' title='bbox 973 1468 1266 1530; x_wconf 88' lang='lat' dir='ltr'><strong>mulieres</strong></span> <span class='ocrx_word' id='word_1_53' title='bbox 1327 1468 1592 1550; x_wconf 88' lang='lat' dir='ltr'><strong>vidisse,</strong></span> <span class='ocrx_word' id='word_1_54' title='bbox 1657 1489 1820 1549; x_wconf 89' lang='lat' dir='ltr'><strong>quas</strong></span> <span class='ocrx_word' id='word_1_55' title='bbox 1867 1478 2131 1549; x_wconf 85' lang='lat' dir='ltr'><strong>propter</strong></span> <span class='ocrx_word' id='word_1_56' title='bbox 2177 1478 2389 1530; x_wconf 90' lang='lat' dir='ltr'><strong>vestes</strong></span> <span class='ocrx_word' id='word_1_57' title='bbox 2435 1467 2641 1529; x_wconf 90' lang='lat' dir='ltr'><strong>viriles</strong></span> 
     </span>
     <span class='ocr_line' id='line_1_10' title="bbox 496 1590 2641 1673; baseline 0.001 -23"><span class='ocrx_word' id='word_1_58' title='bbox 496 1610 572 1650; x_wconf 90' lang='lat' dir='ltr'><strong>ac</strong></span> <span class='ocrx_word' id='word_1_59' title='bbox 621 1590 853 1652; x_wconf 84' lang='lat' dir='ltr'>barbas</span> <span class='ocrx_word' id='word_1_60' title='bbox 900 1612 1027 1652; x_wconf 91' lang='lat' dir='ltr'><strong>non</strong></span> <span class='ocrx_word' id='word_1_61' title='bbox 1075 1592 1446 1673; x_wconf 85' lang='lat' dir='ltr'><strong>agnoverit,</strong></span> <span class='ocrx_word' id='word_1_62' title='bbox 1501 1612 1811 1673; x_wconf 85' lang='lat' dir='ltr'><strong>magnum</strong></span> <span class='ocrx_word' id='word_1_63' title='bbox 1858 1612 2196 1654; x_wconf 91' lang='lat' dir='ltr'><strong>numerum</strong></span> <span class='ocrx_word' id='word_1_64' title='bbox 2242 1601 2533 1658; x_wconf 74' lang='lat' dir='ltr'><strong>sutorum</strong></span> <span class='ocrx_word' id='word_1_65' title='bbox 2579 1592 2641 1652; x_wconf 91' lang='lat' dir='ltr'><strong>in</strong></span> 
     </span>
     <span class='ocr_line' id='line_1_11' title="bbox 495 1715 1337 1780; baseline 0.004 -4"><span class='ocrx_word' id='word_1_66' title='bbox 495 1715 802 1776; x_wconf 87' lang='lat' dir='ltr'><strong>concione</strong></span> <span class='ocrx_word' id='word_1_67' title='bbox 847 1715 1038 1777; x_wconf 88' lang='lat' dir='ltr'><strong>fuisse</strong></span> <span class='ocrx_word' id='word_1_68' title='bbox 1087 1726 1337 1780; x_wconf 86' lang='lat' dir='ltr'><strong>narrat:</strong></span> 
     </span>
    </p>
   </div>
   <div class='ocr_carea' id='block_1_7' title="bbox 497 1837 2646 4206">
    <p class='ocr_par' dir='ltr' id='par_1_7' title="bbox 673 1837 2057 2168">
     <span class='ocr_line' id='line_1_12' title="bbox 673 1837 2057 1921; baseline 0.003 -23"><span class='ocrx_word' id='word_1_69' title='bbox 673 1840 777 1899; x_wconf 82' lang='grc' dir='ltr'><em>καὶ</em></span> <span class='ocrx_word' id='word_1_70' title='bbox 829 1839 987 1914; x_wconf 79' lang='grc' dir='ltr'><em>δῆτα</em></span> <span class='ocrx_word' id='word_1_71' title='bbox 1035 1840 1260 1910; x_wconf 80' lang='grc' dir='ltr'><em>πάντες</em></span> <span class='ocrx_word' id='word_1_72' title='bbox 1306 1843 1700 1919; x_wconf 80' lang='grc' dir='ltr'><em>σκυτοτόμοις</em></span> <span class='ocrx_word' id='word_1_73' title='bbox 1748 1837 2057 1921; x_wconf 64' lang='grc' dir='ltr'><em>ᾐκάζομεν</em></span> 
     </span>
     <span class='ocr_line' id='line_1_13' title="bbox 673 1962 2048 2050; baseline 0.003 -26"><span class='ocrx_word' id='word_1_74' title='bbox 673 1965 916 2047; x_wconf 80' lang='grc' dir='ltr'><em>ὁρῶντες</em></span> <span class='ocrx_word' id='word_1_75' title='bbox 964 1964 1202 2035; x_wconf 82' lang='grc' dir='ltr'><em>αύτούς.</em></span> <span class='ocrx_word' id='word_1_76' title='bbox 1251 1965 1314 2028; x_wconf 82' lang='grc' dir='ltr'><strong>ού</strong></span> <span class='ocrx_word' id='word_1_77' title='bbox 1359 1964 1488 2050; x_wconf 78' lang='grc' dir='ltr'><strong>γάρ</strong></span> <span class='ocrx_word' id='word_1_78' title='bbox 1535 1962 1681 2027; x_wconf 81' lang='grc' dir='ltr'><em>ἀλλ’</em></span> <span class='ocrx_word' id='word_1_79' title='bbox 1732 1962 2048 2050; x_wconf 73' lang='grc' dir='ltr'><strong>ὑπερφυῶς</strong></span> 
     </span>
     <span class='ocr_line' id='line_1_14' title="bbox 673 2067 2007 2168; baseline 0.002 -18"><span class='ocrx_word' id='word_1_80' title='bbox 673 2092 750 2159; x_wconf 84' lang='grc' dir='ltr'><em>ὡς</em></span> <span class='ocrx_word' id='word_1_81' title='bbox 796 2088 1193 2168; x_wconf 78' lang='grc' dir='ltr'><em>λευκοπληθὴς</em></span> <span class='ocrx_word' id='word_1_82' title='bbox 1239 2091 1306 2168; x_wconf 77' lang='grc' dir='ltr'><strong>ἦν</strong></span> <span class='ocrx_word' id='word_1_83' title='bbox 1354 2093 1493 2153; x_wconf 87' lang='grc' dir='ltr'><em>ι’δεῖν</em></span> <span class='ocrx_word' id='word_1_84' title='bbox 1539 2094 1857 2167; x_wconf 78' lang='grc' dir='ltr'><em>ἡκκλησία.</em></span> <span class='ocrx_word' id='word_1_85' title='bbox 2004 2067 2007 2071; x_wconf 27' lang='grc'><strong>’</strong></span> 
     </span>
    </p>

    <p class='ocr_par' dir='ltr' id='par_1_8' title="bbox 497 2225 2646 2685">
     <span class='ocr_line' id='line_1_15' title="bbox 588 2225 2646 2314; baseline 0.002 -27"><span class='ocrx_word' id='word_1_86' title='bbox 588 2225 986 2314; x_wconf 65' lang='lat' dir='ltr'><strong>Thesmoph.</strong></span> <span class='ocrx_word' id='word_1_87' title='bbox 1041 2250 1136 2292; x_wconf 75' lang='lat' dir='ltr'><strong>vs,</strong></span> <span class='ocrx_word' id='word_1_88' title='bbox 1187 2243 1265 2308; x_wconf 81' lang='lat'><strong>52</strong></span> <span class='ocrx_word' id='word_1_89' title='bbox 1315 2230 1679 2311; x_wconf 87' lang='lat' dir='ltr'><strong>complures</strong></span> <span class='ocrx_word' id='word_1_90' title='bbox 1723 2230 2037 2292; x_wconf 89' lang='lat' dir='ltr'><strong>dictiones</strong></span> <span class='ocrx_word' id='word_1_91' title='bbox 2082 2229 2511 2310; x_wconf 84' lang='lat' dir='ltr'><strong>depromptae</strong></span> <span class='ocrx_word' id='word_1_92' title='bbox 2557 2251 2646 2292; x_wconf 84' lang='lat' dir='ltr'><strong>ex</strong></span> 
     </span>
     <span class='ocr_line' id='line_1_16' title="bbox 497 2353 2642 2436; baseline 0.001 -23"><span class='ocrx_word' id='word_1_93' title='bbox 497 2362 635 2414; x_wconf 89' lang='lat' dir='ltr'><strong>arte</strong></span> <span class='ocrx_word' id='word_1_94' title='bbox 696 2353 1070 2416; x_wconf 85' lang='lat' dir='ltr'><strong>aedificandi</strong></span> <span class='ocrx_word' id='word_1_95' title='bbox 1130 2375 1208 2417; x_wconf 90' lang='lat' dir='ltr'><strong>ac</strong></span> <span class='ocrx_word' id='word_1_96' title='bbox 1269 2375 1354 2416; x_wconf 83' lang='lat' dir='ltr'><strong>ex</strong></span> <span class='ocrx_word' id='word_1_97' title='bbox 1417 2356 1488 2416; x_wconf 93' lang='lat' dir='ltr'><strong>iis</strong></span> <span class='ocrx_word' id='word_1_98' title='bbox 1550 2354 1817 2436; x_wconf 89' lang='lat' dir='ltr'><strong>opificiis</strong></span> <span class='ocrx_word' id='word_1_99' title='bbox 1877 2375 2045 2436; x_wconf 90' lang='lat' dir='ltr'><strong>quae</strong></span> <span class='ocrx_word' id='word_1_100' title='bbox 2104 2354 2187 2416; x_wconf 92' lang='lat' dir='ltr'><strong>ad</strong></span> <span class='ocrx_word' id='word_1_101' title='bbox 2248 2375 2390 2416; x_wconf 90' lang='lat' dir='ltr'><strong>eam</strong></span> <span class='ocrx_word' id='word_1_102' title='bbox 2440 2364 2642 2417; x_wconf 89' lang='lat' dir='ltr'><strong>artem</strong></span> 
     </span>
     <span class='ocr_line' id='line_1_17' title="bbox 499 2479 2512 2558; baseline -0 -19"><span class='ocrx_word' id='word_1_103' title='bbox 499 2480 852 2558; x_wconf 86' lang='lat' dir='ltr'><strong>pertinent,</strong></span> <span class='ocrx_word' id='word_1_104' title='bbox 900 2480 1365 2542; x_wconf 88' lang='lat' dir='ltr'><strong>transferuntur</strong></span> <span class='ocrx_word' id='word_1_105' title='bbox 1406 2480 1489 2542; x_wconf 90' lang='lat' dir='ltr'><strong>ad</strong></span> <span class='ocrx_word' id='word_1_106' title='bbox 1535 2489 1741 2542; x_wconf 88' lang='lat' dir='ltr'><strong>artem</strong></span> <span class='ocrx_word' id='word_1_107' title='bbox 1790 2479 2098 2542; x_wconf 83' lang='lat' dir='ltr'><strong>dramatis</strong></span> <span class='ocrx_word' id='word_1_108' title='bbox 2144 2479 2430 2541; x_wconf 89' lang='lat' dir='ltr'><strong>faciendi.</strong></span> <span class='ocrx_word' id='word_1_109' title='bbox 2504 2531 2512 2537; x_wconf 89' lang='lat'><strong>.</strong></span> 
     </span>
     <span class='ocr_line' id='line_1_18' title="bbox 499 2602 2638 2685; baseline 0 -22"><span class='ocrx_word' id='word_1_110' title='bbox 499 2602 809 2664; x_wconf 84' lang='lat' dir='ltr'><strong>Famulus</strong></span> <span class='ocrx_word' id='word_1_111' title='bbox 848 2603 1046 2664; x_wconf 90' lang='lat' dir='ltr'><strong>domo</strong></span> <span class='ocrx_word' id='word_1_112' title='bbox 1083 2604 1416 2684; x_wconf 86' lang='lat' dir='ltr'><strong>egrediens</strong></span> <span class='ocrx_word' id='word_1_113' title='bbox 1463 2603 1823 2685; x_wconf 90' lang='lat' dir='ltr'><strong>praedicat:</strong></span> <span class='ocrx_word' id='word_1_114' title='bbox 1886 2604 2070 2665; x_wconf 90' lang='lat' dir='ltr'><strong>Bona</strong></span> <span class='ocrx_word' id='word_1_115' title='bbox 2116 2603 2333 2680; x_wconf 88' lang='lat' dir='ltr'><strong>verba,</strong></span> <span class='ocrx_word' id='word_1_116' title='bbox 2374 2623 2638 2684; x_wconf 78' lang='lat' dir='ltr'><strong>quaeSO,</strong></span> 
     </span>
    </p>

    <p class='ocr_par' dir='ltr' id='par_1_9' title="bbox 499 2719 2473 4206">
     <span class='ocr_line' id='line_1_19' title="bbox 942 2719 2138 2811; baseline -0.001 -22"><span class='ocrx_word' id='word_1_117' title='bbox 942 2729 1158 2805; x_wconf 84' lang='grc' dir='ltr'><em>μέλλει</em></span> <span class='ocrx_word' id='word_1_118' title='bbox 1202 2726 1331 2811; x_wconf 77' lang='grc' dir='ltr'><strong>γάρ</strong></span> <span class='ocrx_word' id='word_1_119' title='bbox 1376 2719 1428 2788; x_wconf 68' lang='grc' dir='ltr'><strong>δ’</strong></span> <span class='ocrx_word' id='word_1_120' title='bbox 1454 2728 1785 2804; x_wconf 80' lang='grc' dir='ltr'><em>καλλιεπὴς</em></span> <span class='ocrx_word' id='word_1_121' title='bbox 1832 2724 2138 2803; x_wconf 86' lang='grc' dir='ltr'><em>Ἀγάθων</em></span> 
     </span>
     <span class='ocr_line' id='line_1_20' title="bbox 941 2849 2137 2937; baseline 0 -23"><span class='ocrx_word' id='word_1_122' title='bbox 941 2853 1228 2937; x_wconf 78' lang='grc' dir='ltr'><em>δρυόχους</em></span> <span class='ocrx_word' id='word_1_123' title='bbox 1275 2851 1496 2914; x_wconf 78' lang='grc' dir='ltr'><em>τιθέναι</em></span> <span class='ocrx_word' id='word_1_124' title='bbox 1543 2853 1861 2937; x_wconf 91' lang='grc' dir='ltr'><em>δράματος</em></span> <span class='ocrx_word' id='word_1_125' title='bbox 1908 2849 2137 2937; x_wconf 79' lang='grc' dir='ltr'><em>ἀρχάς.</em></span> 
     </span>
     <span class='ocr_line' id='line_1_21' title="bbox 499 2975 1858 3056; baseline 0.003 -22"><span class='ocrx_word' id='word_1_126' title='bbox 499 2975 851 3036; x_wconf 85' lang='lat' dir='ltr'><strong>statumina</strong></span> <span class='ocrx_word' id='word_1_127' title='bbox 897 2995 1162 3056; x_wconf 90' lang='lat' dir='ltr'><strong>ponere,</strong></span> <span class='ocrx_word' id='word_1_128' title='bbox 1217 2976 1525 3038; x_wconf 87' lang='lat' dir='ltr'><strong>dramatis</strong></span> <span class='ocrx_word' id='word_1_129' title='bbox 1573 2978 1858 3039; x_wconf 86' lang='lat' dir='ltr'><strong>exordia.</strong></span> 
     </span>
     <span class='ocr_line' id='line_1_22' title="bbox 943 3113 2023 3192; baseline 0.001 -17"><span class='ocrx_word' id='word_1_130' title='bbox 943 3113 1216 3192; x_wconf 88' lang='grc' dir='ltr'><em>κάμπτει</em></span> <span class='ocrx_word' id='word_1_131' title='bbox 1261 3113 1324 3175; x_wconf 82' lang='grc' dir='ltr'><strong>δὲ</strong></span> <span class='ocrx_word' id='word_1_132' title='bbox 1372 3115 1509 3184; x_wconf 89' lang='grc' dir='ltr'><em>νέας</em></span> <span class='ocrx_word' id='word_1_133' title='bbox 1554 3113 1790 3192; x_wconf 77' lang='grc' dir='ltr'><em>οὶψῖδας</em></span> <span class='ocrx_word' id='word_1_134' title='bbox 1840 3113 2023 3186; x_wconf 77' lang='grc' dir='ltr'><em>ἐπῶν,</em></span> 
     </span>
     <span class='ocr_line' id='line_1_23' title="bbox 500 3239 2042 3316; baseline 0.001 -18"><span class='ocrx_word' id='word_1_135' title='bbox 500 3247 728 3300; x_wconf 90' lang='lat' dir='ltr'><strong>curvat</strong></span> <span class='ocrx_word' id='word_1_136' title='bbox 773 3258 928 3301; x_wconf 88' lang='lat' dir='ltr'><strong>vero</strong></span> <span class='ocrx_word' id='word_1_137' title='bbox 974 3259 1143 3300; x_wconf 90' lang='lat' dir='ltr'><strong>nova</strong></span> <span class='ocrx_word' id='word_1_138' title='bbox 1189 3240 1616 3301; x_wconf 88' lang='lat' dir='ltr'><strong>interamenta</strong></span> <span class='ocrx_word' id='word_1_139' title='bbox 1662 3239 2005 3300; x_wconf 87' lang='lat' dir='ltr'><strong>verborum</strong></span> <span class='ocrx_word' id='word_1_140' title='bbox 2027 3288 2042 3316; x_wconf 95' lang='lat'><strong>,</strong></span> 
     </span>
     <span class='ocr_line' id='line_1_24' title="bbox 946 3363 2160 3448; baseline -0.001 -23"><span class='ocrx_word' id='word_1_141' title='bbox 946 3363 1032 3426; x_wconf 78' lang='grc' dir='ltr'><strong>τά</strong></span> <span class='ocrx_word' id='word_1_142' title='bbox 1079 3364 1142 3426; x_wconf 82' lang='grc' dir='ltr'><strong>δὲ</strong></span> <span class='ocrx_word' id='word_1_143' title='bbox 1189 3366 1475 3448; x_wconf 80' lang='grc' dir='ltr'><em>τορνεύει,</em></span> <span class='ocrx_word' id='word_1_144' title='bbox 1525 3363 1610 3426; x_wconf 78' lang='grc' dir='ltr'><strong>τοὶ</strong></span> <span class='ocrx_word' id='word_1_145' title='bbox 1658 3363 1722 3425; x_wconf 77' lang='grc' dir='ltr'><strong>δὲ</strong></span> <span class='ocrx_word' id='word_1_146' title='bbox 1768 3371 2160 3441; x_wconf 88' lang='grc' dir='ltr'><em>κολλομελεῖ,</em></span> 
     </span>
     <span class='ocr_line' id='line_1_25' title="bbox 505 3487 2473 3570; baseline -0.001 -21"><span class='ocrx_word' id='word_1_147' title='bbox 505 3487 628 3549; x_wconf 86' lang='lat' dir='ltr'><strong>alia</strong></span> <span class='ocrx_word' id='word_1_148' title='bbox 673 3490 954 3551; x_wconf 90' lang='lat' dir='ltr'><strong>carmina</strong></span> <span class='ocrx_word' id='word_1_149' title='bbox 1001 3498 1217 3551; x_wconf 88' lang='lat' dir='ltr'><strong>tornat</strong></span> <span class='ocrx_word' id='word_1_150' title='bbox 1261 3489 1557 3570; x_wconf 91' lang='lat' dir='ltr'><strong>quidem,</strong></span> <span class='ocrx_word' id='word_1_151' title='bbox 1608 3489 1731 3551; x_wconf 89' lang='lat' dir='ltr'><strong>alia</strong></span> <span class='ocrx_word' id='word_1_152' title='bbox 1770 3499 1990 3552; x_wconf 90' lang='lat' dir='ltr'><strong>autem</strong></span> <span class='ocrx_word' id='word_1_153' title='bbox 2039 3488 2473 3569; x_wconf 84' lang='lat' dir='ltr'><strong>conglutinat,</strong></span> 
     </span>
     <span class='ocr_line' id='line_1_26' title="bbox 944 3624 1969 3709; baseline 0 -21"><span class='ocrx_word' id='word_1_154' title='bbox 944 3629 1050 3689; x_wconf 79' lang='grc' dir='ltr'><em>καὶ</em></span> <span class='ocrx_word' id='word_1_155' title='bbox 1091 3633 1495 3707; x_wconf 78' lang='grc' dir='ltr'><em>γνωμοτυπεῖ</em></span> <span class='ocrx_word' id='word_1_156' title='bbox 1525 3624 1969 3709; x_wconf 77' lang='grc' dir='ltr'><em>κάντονομάζει</em></span> 
     </span>
     <span class='ocr_line' id='line_1_27' title="bbox 506 3752 1931 3833; baseline 0.001 -20"><span class='ocrx_word' id='word_1_157' title='bbox 506 3752 767 3815; x_wconf 90' lang='lat' dir='ltr'><strong>dicteria</strong></span> <span class='ocrx_word' id='word_1_158' title='bbox 815 3752 990 3814; x_wconf 92' lang='lat' dir='ltr'><strong>cudit</strong></span> <span class='ocrx_word' id='word_1_159' title='bbox 1035 3763 1099 3815; x_wconf 92' lang='lat' dir='ltr'><strong>et</strong></span> <span class='ocrx_word' id='word_1_160' title='bbox 1143 3753 1698 3815; x_wconf 84' lang='lat' dir='ltr'><strong>denominationes</strong></span> <span class='ocrx_word' id='word_1_161' title='bbox 1744 3752 1931 3833; x_wconf 84' lang='lat' dir='ltr'><strong>fingit</strong></span> 
     </span>
     <span class='ocr_line' id='line_1_28' title="bbox 949 3877 1965 3960; baseline -0.001 -22"><span class='ocrx_word' id='word_1_162' title='bbox 949 3877 1054 3938; x_wconf 77' lang='grc' dir='ltr'><em>καὶ</em></span> <span class='ocrx_word' id='word_1_163' title='bbox 1096 3881 1428 3960; x_wconf 81' lang='grc' dir='ltr'><em>κηροχυτεῖ</em></span> <span class='ocrx_word' id='word_1_164' title='bbox 1464 3879 1570 3938; x_wconf 77' lang='grc' dir='ltr'><em>καὶ</em></span> <span class='ocrx_word' id='word_1_165' title='bbox 1610 3878 1965 3954; x_wconf 77' lang='grc' dir='ltr'><em>γογγύλλει</em></span> 
     </span>
     <span class='ocr_line' id='line_1_29' title="bbox 507 4001 2327 4083; baseline -0.001 -18"><span class='ocrx_word' id='word_1_166' title='bbox 507 4011 572 4065; x_wconf 94' lang='lat' dir='ltr'><strong>et</strong></span> <span class='ocrx_word' id='word_1_167' title='bbox 619 4001 937 4083; x_wconf 91' lang='lat' dir='ltr'><strong>liquefacit</strong></span> <span class='ocrx_word' id='word_1_168' title='bbox 982 4022 1204 4063; x_wconf 89' lang='lat' dir='ltr'><strong>versus</strong></span> <span class='ocrx_word' id='word_1_169' title='bbox 1253 4011 1587 4082; x_wconf 89' lang='lat' dir='ltr'><strong>tamquam</strong></span> <span class='ocrx_word' id='word_1_170' title='bbox 1634 4020 1848 4063; x_wconf 89' lang='lat' dir='ltr'><strong>ceram</strong></span> <span class='ocrx_word' id='word_1_171' title='bbox 1903 4010 1969 4064; x_wconf 92' lang='lat' dir='ltr'><strong>et</strong></span> <span class='ocrx_word' id='word_1_172' title='bbox 2020 4001 2327 4064; x_wconf 86' lang='lat' dir='ltr'><strong>rotundat</strong></span> 
     </span>
     <span class='ocr_line' id='line_1_30' title="bbox 948 4130 1395 4206; baseline -0.004 -16"><span class='ocrx_word' id='word_1_173' title='bbox 948 4130 1054 4190; x_wconf 74' lang='grc' dir='ltr'><em>καὶ</em></span> <span class='ocrx_word' id='word_1_174' title='bbox 1095 4130 1395 4206; x_wconf 77' lang='grc' dir='ltr'><em>χοανεύει.</em></span> 
     </span>
    </p>
   </div>
   <div class='ocr_carea' id='block_1_8' title="bbox 508 4251 1245 4316">
    <p class='ocr_par' dir='ltr' id='par_1_10' title="bbox 508 4251 1245 4316">
     <span class='ocr_line' id='line_1_31' title="bbox 508 4251 1245 4316; baseline -0.004 0"><span class='ocrx_word' id='word_1_175' title='bbox 508 4275 584 4316; x_wconf 93' lang='lat' dir='ltr'><strong>ac</strong></span> <span class='ocrx_word' id='word_1_176' title='bbox 632 4254 836 4316; x_wconf 86' lang='lat' dir='ltr'><strong>fundit</strong></span> <span class='ocrx_word' id='word_1_177' title='bbox 881 4253 943 4315; x_wconf 90' lang='lat' dir='ltr'><strong>in</strong></span> <span class='ocrx_word' id='word_1_178' title='bbox 992 4251 1245 4314; x_wconf 80' lang='lat' dir='ltr'><strong>formaS.</strong></span> 
     </span>
    </p>
   </div>
  </div>
 </body>
</html>
