3317 5134
1581 489 1665 552 41

549 687 838 768 aliquem
871 706 1182 767 magnam
1215 688 1348 748 vim
1379 686 1693 768 pecuniae
1716 684 1997 748 furatum
2020 706 2179 764 esse,
2206 687 2403 768 Vesp.
2432 707 2523 749 vs,
2554 704 2706 765 241,

553 811 734 873 hisce
777 813 990 873 verbis
1039 813 1168 875 uti:

781 949 1049 1030 σίμβλον
1093 951 1158 1011 δε
1205 959 1368 1026 φασι
1411 951 1757 1034 χρημάτων
1802 955 1967 1028 ἐχειν
2014 951 2285 1021 ἅπαντες
2330 950 2535 1013 αὑτόν.

645 1113 894 1177 Omnes
937 1115 1162 1177 dicunt
1203 1114 1459 1176 alveare
1501 1115 1815 1196 pecuniae
1858 1135 2009 1175 eum
2052 1114 2309 1177 habere.

1115 1519 1422 1581 VARIA
1467 1519 1699 1581 ALIA
1742 1517 2063 1582 INSECT
2066 1520 2153 1581 A.

647 1695 820 1758 Ach.
891 1717 988 1757 vs,
1067 1713 1212 1776 149.
1297 1695 1493 1757 fallax
1559 1716 1638 1758 ac
1706 1705 2047 1758 enervatus
2114 1696 2365 1777 legatus
2408 1698 2711 1778 speciosis

547 1824 770 1884 verbis
814 1822 1208 1884 confirmans
1269 1842 1490 1903 regem
1551 1819 1868 1883 Thraciae
1910 1823 2365 1884 amicissimum
2411 1843 2551 1884 esse
2596 1843 2711 1905 po·
2758 1819 2765 1829 ’

549 1950 692 2032 puli
739 1948 1278 2024 Atheniensium,
1327 1950 1368 2011 i.
1413 1969 1474 2010 a.
1521 1949 1853 2030 praedicat
1897 1947 2053 2010 hoc:

871 2090 904 2148 ὁ
947 2087 1002 2148 δ’
1049 2091 1249 2166 ὤμοσε
1293 2087 1554 2148 σπένδων
1597 2083 1939 2166 βοηθήσειν,
1987 2089 2149 2164 ἔχων

873 2212 1176 2297 στρατιὰν
1221 2215 1525 2288 τοσαύτην
1568 2212 1713 2273 ὥστ’
1762 2208 2124 2286 Ἀθηναίους
2170 2210 2335 2294 ἐρεῖν·

875 2343 1052 2418 „5602
1098 2341 1169 2402 τὸ
1217 2344 1442 2424 χρῆμα
1488 2343 1797 2422 παρνόπων
1850 2336 2312 2422 προσέρχεται.”

651 2478 909 2560 Quibus
953 2478 1168 2540 verbis
1212 2478 1448 2540 auditis
1491 2477 1900 2558 Dicaeopolis
1946 2479 2104 2539 iram
2145 2479 2257 2540 vix
2298 2499 2714 2561 compescens

481 2654 492 2658 -
556 2603 899 2666 mussitat:

927 2729 1168 2790 κάκιστ’
1216 2726 1572 2808 ἀπολοίμην,
1619 2732 1679 2790 εἴ
1712 2752 1773 2790 τι
1816 2731 2041 2791 τούτων
2087 2727 2365 2809 πείθομαι

923 2853 1002 2915 ὧν
1045 2853 1218 2923 εἶπας
1267 2850 1508 2915 ἐνταυθὶ
1547 2854 1621 2914 σύ
1641 2903 1657 2924 ,
1705 2855 1857 2930 πλην
1902 2858 2020 2915 τῶν
2067 2858 2395 2939 παρνόπων.

651 2995 911 3075 Legato
969 2995 1332 3056 affirmante
1395 3003 1646 3056 tantam
1694 3015 1957 3055 manum
2006 2995 2324 3056 sociorum
2373 3005 2714 3059 venturam

558 3142 706 3182 esse
748 3130 821 3183 ut
846 3118 1286 3183 Athenienses
1310 3119 1733 3182 exclamaturi
1764 3121 1924 3182 sint:
1968 3120 2220 3202 „Quale
2243 3142 2480 3203 agmen
2510 3123 2717 3187 locus-

559 3245 822 3309 tarum’'

827 3295 842 3326 ,
905 3247 1318 3327 Dicaeopolis
1381 3248 1465 3309 ad
1514 3246 1762 3308 illarum
1831 3245 2250 3310 bestiolarum
2296 3250 2715 3313 voracitatem

560 3372 860 3436 alludens
907 3374 1143 3435 ironice
1187 3373 1373 3434 dicit:
1410 3372 1669 3451 „Facile
1706 3373 1932 3434 credo!
1995 3374 2231 3453 Ingens
2254 3393 2489 3455 agmen
2512 3376 2719 3439 homi-

560 3519 722 3560 num
784 3498 1221 3561 famelicorum
1283 3498 1482 3560 veluti
1533 3496 1926 3561 locustarum
1982 3510 2516 3580 superventurum
2556 3525 2715 3582 esse,

557 3625 742 3707 quod
812 3626 1032 3687 omnia
1102 3633 1323 3687 nostra
1390 3625 1850 3686 devoraturum
1913 3626 2013 3687 sit.
2084 3626 2232 3708 Ipse
2292 3638 2511 3691 autem
2559 3651 2719 3694 mox

559 3753 799 3814 sentiet
847 3772 916 3813 se
963 3772 1095 3812 non
1143 3750 1301 3812 falsa
1349 3751 1672 3832 profatum
1719 3771 1890 3827 esse,
1937 3772 2087 3813 cum
2134 3752 2219 3816 ab
2263 3755 2399 3817 istis
2444 3759 2719 3839 rapacis-

561 3879 743 3941 simis
793 3877 1334 3940 homuncionibus
1380 3877 1598 3939 allium
1643 3878 1763 3939 sibi
1807 3889 2171 3960 surreptum
2224 3881 2470 3946 viderit.

652 4105 1062 4187 Lysistratus
1131 4103 1249 4190 (ita
1312 4116 1604 4167 narratur
1664 4105 1863 4185 Vesp.
1910 4125 2004 4168 vs,
2066 4110 2259 4193 1310)
2308 4113 2371 4174 in
2418 4116 2718 4178 convivio

560 4250 787 4293 senem
851 4231 1254 4314 comparavit
1312 4251 1459 4292 cum
1522 4229 1752 4307 ase110‚
1817 4231 1925 4311 qui
1985 4233 2235 4316 aufugit
2280 4238 2344 4298 in
2388 4238 2719 4320 palearum

559 4376 890 4435 acervum,
