3317 5134
1762 466 1884 512 IOO

1745 660 1888 723 XV.

832 835 992 898 Ibid.
1071 839 1191 915 158
1264 836 1462 899 verba
1531 837 1670 906 τοὺς
1716 834 1769 896 δ’
1824 837 1939 917 (sic
1984 833 2175 920 Urb.)
2224 836 2321 898 ἐπὶ
2363 842 2501 906 ταῖς
2547 834 2907 921 συμφοραῖς

741 963 909 1042 ἡμᾶς
949 963 1373 1040 μεμνημένους
1425 962 1582 1024 vitio
1621 962 1918 1024 laborant
1955 972 2181 1043 aperto
2204 963 2382 1044 quod
2408 983 2537 1023 non
2561 963 2906 1044 corrigitur

743 1088 1113 1168 scribend0‚
1163 1097 1236 1149 ut
1280 1086 1480 1168 vulgo
1527 1087 1628 1150 edi
1674 1085 1870 1163 solet,
1918 1089 2037 1148 τῶν
2085 1085 2149 1147 δέ
2198 1109 2253 1147 κ.
2301 1109 2360 1148 τ.
2412 1087 2484 1148 ἑ..

1740 1274 1919 1334 XVI.

832 1437 1021 1501 Isocr.
1094 1437 1242 1512 XV,
1306 1436 1433 1498 268
1501 1445 1651 1517 post
1714 1432 2139 1512 Ἐμπεδοκλῆς
2184 1433 2248 1495 δὲ
2296 1435 2575 1518 τέτταρα
2625 1434 2901 1496 delenda

743 1572 893 1625 sunt
937 1562 1175 1624 verba:
1223 1563 1330 1623 καὶ
1371 1567 1553 1631 νεῖκος
1599 1563 1708 1622 καὶ
1750 1558 1966 1637 φιλίαν
2024 1559 2083 1622 ἐν
2132 1559 2363 1628 αὐτοῖς.

1724 1749 1788 1808 Χ
1802 1749 1932 1809 VII.

838 1899 996 1962 Eur.
1046 1899 1311 1976 Medea,
1359 1919 1452 1960 vs,
1504 1898 1679 1978 296:

1013 2025 1197 2108 χωρὶς
1241 2023 1371 2108 γαρ
1419 2025 1613 2099 ἄλλης
1659 2023 1726 2102 ἧς
1772 2025 2011 2102 ἔχουσιν
2056 2021 2284 2108 ἀργίας

1016 2134 1232 2214 φθόνον
1277 2136 1415 2220 πρὸς
1464 2134 1667 2199 ἀστῶν
1713 2134 2058 2214 ἀλφανουσι
2102 2138 2386 2215 δυσμενῆ.

842 2251 963 2311 Pro
1012 2250 1251 2329 ἔχουσιν
1299 2247 1526 2334 ἀργίας
1573 2249 1960 2331 legendum:
2008 2252 2214 2329 ἔχουσ’
2265 2248 2499 2327 ἀηδίας.

1701 2437 1937 2499 XVIII.

842 2596 1040 2661 Solon
1086 2599 1314 2682 Elegia
1371 2617 1482 2672 10,
1532 2597 1676 2684 (27)
1732 2614 1851 2679 15:

885 2727 960 2802 τῇ
1006 2724 1058 2785 δ’
1111 2723 1296 2802 ἐνάτη
1343 2727 1433 2800 §a
1480 2723 1595 2803 μὲν
1641 2725 1931 2796 δύναται,
1980 2727 2402 2810 μαλακώτερα
2448 2724 2499 2786 δ’
2550 2727 2740 2789 αὐτοῦ

1014 2835 1152 2919 πρὸς
1199 2840 1488 2915 μεγάλην
1540 2813 1761 2920 &psi-1317
1806 2840 2065 2914 γλῶσσά
2114 2859 2183 2899 τε
2230 2840 2337 2898 καὶ
2378 2835 2579 2914 σοφίη·

840 2956 1078 3022 Iniuria
1145 2959 1475 3024 Buchholz
1528 2958 1960 3045 (Anthologie
2026 2980 2143 3021 aus
2212 2961 2336 3022 den
2404 2961 2721 3041 Lyrikern
2790 2964 2905 3024 der

749 3071 1083 3138 Griechen.
1111 3073 1235 3136 Ed.
1262 3071 1406 3156 IV.)
1430 3093 1658 3136 vocem
1686 3073 2106 3157 μαλακώτερα
2133 3074 2408 3137 mutavit
2431 3074 2493 3136 in
2519 3076 2901 3159 μαλιώτερα.

1744 3262 1925 3322 ΧΙΧ.
1960 3349 1968 3356 ·

835 3422 1098 3484 Lucian.
1147 3422 1544 3499 Alexander,
1594 3435 1719 3501 45:
1784 3424 1815 3484 ὁ
1863 3421 1927 3484 δὲ
1974 3421 2394 3505 Ἀλέξανδρος
2442 3419 2899 3499 ἀγανακτήσας

750 3547 846 3610 ἐπὶ
889 3553 974 3625 τῷ
1022 3550 1274 3628 ἐλέγχῳ
1323 3550 1411 3627 μὴ
1460 3547 1657 3633 Φέρων
1704 3550 1812 3610 τοῦ
1856 3547 2104 3617 ὀνείδους
2150 3549 2261 3625 τὴν
2315 3544 2598 3623 ἀληθειαν
2646 3571 2701 3609 κ.
2751 3569 2810 3609 τ.
2852 3549 2903 3610 ἑ.

837 3677 960 3737 Pro
1009 3677 1096 3754 μὴ
1145 3677 1594 3738 scribendum:
1643 3674 1767 3738 κού.

1748 3863 1895 3924 ΧΧ.

840 4015 1058 4099 Quam
1124 4017 1256 4077 vim
1323 4016 1517 4077 animi
1583 4014 1925 4077 vernacule
1969 4035 2280 4078 vocamus
2325 4012 2769 4094 verbeeldz'ng,
2822 4033 2901 4076 ea

747 4141 811 4200 in
857 4150 1054 4221 poeta
1101 4141 1384 4201 maxime
1431 4140 1790 4220 requiritur.
