<?xml version="1.0" encoding="UTF-8"?>
<!DOCTYPE html PUBLIC "-//W3C//DTD XHTML 1.0 Transitional//EN"
    "http://www.w3.org/TR/xhtml1/DTD/xhtml1-transitional.dtd">
<html xmlns="http://www.w3.org/1999/xhtml" xml:lang="en" lang="en">
 <head>
  <title>
</title>
<meta http-equiv="Content-Type" content="text/html;charset=utf-8" />
  <meta name='ocr-system' content='tesseract 3.04.00' />
  <meta name='ocr-capabilities' content='ocr_page ocr_carea ocr_par ocr_line ocrx_word'/>
</head>
<body>
  <div class='ocr_page' id='page_1' title='image "./metaphoraearist00noorgoog/metaphoraearist00noorgoog_0079.png"; bbox 0 0 3317 5134; ppageno 0'>
   <div class='ocr_carea' id='block_1_1' title="bbox 16 2646 18 3458">
    <p class='ocr_par' dir='ltr' id='par_1_1' title="bbox 16 2646 18 3458">
     <span class='ocr_line' id='line_1_1' title="bbox 16 2646 18 3458; baseline 0 0"><span class='ocrx_word' id='word_1_1' title='bbox 16 2646 18 3458; x_wconf 95' lang='lat' dir='ltr'><strong> </strong></span> 
     </span>
    </p>
   </div>
   <div class='ocr_carea' id='block_1_2' title="bbox 1581 468 1666 547">
    <p class='ocr_par' dir='ltr' id='par_1_2' title="bbox 1581 468 1666 547">
     <span class='ocr_line' id='line_1_2' title="bbox 1581 468 1666 547; baseline 0 0"><span class='ocrx_word' id='word_1_2' title='bbox 1581 468 1666 547; x_wconf 90' lang='lat'><strong>67</strong></span> 
     </span>
    </p>
   </div>
   <div class='ocr_carea' id='block_1_3' title="bbox 631 678 2449 892">
    <p class='ocr_par' dir='ltr' id='par_1_3' title="bbox 631 678 2449 892">
     <span class='ocr_line' id='line_1_3' title="bbox 631 678 1923 759; baseline 0.002 -19"><span class='ocrx_word' id='word_1_3' title='bbox 631 678 827 759; x_wconf 91' lang='lat' dir='ltr'><strong>Vesp.</strong></span> <span class='ocrx_word' id='word_1_4' title='bbox 877 699 971 740; x_wconf 77' lang='lat' dir='ltr'><strong>vs,</strong></span> <span class='ocrx_word' id='word_1_5' title='bbox 1021 681 1149 758; x_wconf 90' lang='lat'><strong>483</strong></span> <span class='ocrx_word' id='word_1_6' title='bbox 1199 679 1562 742; x_wconf 85' lang='lat' dir='ltr'><strong>Philocleon</strong></span> <span class='ocrx_word' id='word_1_7' title='bbox 1611 681 1923 744; x_wconf 86' lang='lat' dir='ltr'><strong>minatur:</strong></span> 
     </span>
     <span class='ocr_line' id='line_1_4' title="bbox 716 803 2449 892; baseline 0.001 -27"><span class='ocrx_word' id='word_1_8' title='bbox 716 803 887 866; x_wconf 77' lang='grc' dir='ltr'><em>ἀλλοὶ</em></span> <span class='ocrx_word' id='word_1_9' title='bbox 933 808 1030 868; x_wconf 77' lang='grc' dir='ltr'><strong>νῦν</strong></span> <span class='ocrx_word' id='word_1_10' title='bbox 1076 805 1192 885; x_wconf 72' lang='grc' dir='ltr'><strong>μὲν</strong></span> <span class='ocrx_word' id='word_1_11' title='bbox 1237 806 1401 868; x_wconf 71' lang='grc' dir='ltr'><em>οὐδὲν</em></span> <span class='ocrx_word' id='word_1_12' title='bbox 1447 804 1686 884; x_wconf 77' lang='grc' dir='ltr'><em>ἀλγεῖς,</em></span> <span class='ocrx_word' id='word_1_13' title='bbox 1736 804 1878 868; x_wconf 77' lang='grc' dir='ltr'><em>ἀλλ’</em></span> <span class='ocrx_word' id='word_1_14' title='bbox 1934 810 2083 870; x_wconf 80' lang='grc' dir='ltr'><em>ὅταν</em></span> <span class='ocrx_word' id='word_1_15' title='bbox 2127 808 2449 892; x_wconf 71' lang='grc' dir='ltr'><em>ξυνήγορος</em></span> 
     </span>
    </p>
   </div>
   <div class='ocr_carea' id='block_1_4' title="bbox 711 931 2457 1012">
    <p class='ocr_par' dir='ltr' id='par_1_4' title="bbox 711 931 2457 1012">
     <span class='ocr_line' id='line_1_5' title="bbox 711 931 2457 1012; baseline 0.001 -19"><span class='ocrx_word' id='word_1_16' title='bbox 711 931 920 994; x_wconf 68' lang='grc' dir='ltr'><em>ταῦτα</em></span> <span class='ocrx_word' id='word_1_17' title='bbox 966 933 1178 995; x_wconf 69' lang='grc' dir='ltr'><em>ταῦτα</em></span> <span class='ocrx_word' id='word_1_18' title='bbox 1222 956 1324 996; x_wconf 80' lang='grc' dir='ltr'><strong>σου</strong></span> <span class='ocrx_word' id='word_1_19' title='bbox 1372 937 1695 1012; x_wconf 68' lang='grc' dir='ltr'><em>καταντλῇ</em></span> <span class='ocrx_word' id='word_1_20' title='bbox 1740 937 1846 996; x_wconf 75' lang='grc' dir='ltr'><strong>καὶ</strong></span> <span class='ocrx_word' id='word_1_21' title='bbox 1882 935 2233 1012; x_wconf 67' lang='grc' dir='ltr'><em>ξυνωμότην</em></span> <span class='ocrx_word' id='word_1_22' title='bbox 2278 936 2457 1012; x_wconf 69' lang='grc' dir='ltr'><em>καλῇ.</em></span> 
     </span>
    </p>
   </div>
   <div class='ocr_carea' id='block_1_5' title="bbox 533 1095 2686 1683">
    <p class='ocr_par' dir='ltr' id='par_1_5' title="bbox 533 1095 2686 1683">
     <span class='ocr_line' id='line_1_6' title="bbox 534 1095 2683 1182; baseline 0.001 -26"><span class='ocrx_word' id='word_1_23' title='bbox 534 1095 727 1176; x_wconf 89' lang='lat' dir='ltr'><strong>(Tum</strong></span> <span class='ocrx_word' id='word_1_24' title='bbox 773 1097 1073 1180; x_wconf 81' lang='lat' dir='ltr'><strong>demum,</strong></span> <span class='ocrx_word' id='word_1_25' title='bbox 1135 1097 1555 1178; x_wconf 86' lang='lat' dir='ltr'><strong>Bdelycleon,</strong></span> <span class='ocrx_word' id='word_1_26' title='bbox 1619 1108 1797 1161; x_wconf 89' lang='lat' dir='ltr'><strong>totus</strong></span> <span class='ocrx_word' id='word_1_27' title='bbox 1852 1095 2141 1182; x_wconf 81' lang='lat' dir='ltr'><strong>peribiS,)</strong></span> <span class='ocrx_word' id='word_1_28' title='bbox 2194 1117 2343 1159; x_wconf 93' lang='lat' dir='ltr'><strong>cum</strong></span> <span class='ocrx_word' id='word_1_29' title='bbox 2392 1097 2683 1178; x_wconf 90' lang='lat' dir='ltr'><strong>publicus</strong></span> 
     </span>
     <span class='ocr_line' id='line_1_7' title="bbox 535 1221 2683 1308; baseline 0 -25"><span class='ocrx_word' id='word_1_30' title='bbox 535 1242 871 1283; x_wconf 85' lang='lat' dir='ltr'><strong>causarum</strong></span> <span class='ocrx_word' id='word_1_31' title='bbox 920 1233 1230 1304; x_wconf 85' lang='lat' dir='ltr'><strong>patronus</strong></span> <span class='ocrx_word' id='word_1_32' title='bbox 1278 1224 1498 1285; x_wconf 87' lang='lat' dir='ltr'><strong>iisdem</strong></span> <span class='ocrx_word' id='word_1_33' title='bbox 1552 1223 1668 1292; x_wconf 78' lang='lat' dir='ltr'><strong>illis</strong></span> <span class='ocrx_word' id='word_1_34' title='bbox 1709 1224 1918 1285; x_wconf 87' lang='lat' dir='ltr'><strong>verbis</strong></span> <span class='ocrx_word' id='word_1_35' title='bbox 1958 1234 2023 1286; x_wconf 89' lang='lat' dir='ltr'><strong>te</strong></span> <span class='ocrx_word' id='word_1_36' title='bbox 2056 1223 2387 1286; x_wconf 28' lang='lat' dir='ltr'><strong>‘suffuderit</strong></span> <span class='ocrx_word' id='word_1_37' title='bbox 2428 1221 2493 1308; x_wconf 91' lang='lat' dir='ltr'><strong>(i.</strong></span> <span class='ocrx_word' id='word_1_38' title='bbox 2521 1244 2575 1284; x_wconf 87' lang='lat' dir='ltr'><strong>e.</strong></span> <span class='ocrx_word' id='word_1_39' title='bbox 2620 1234 2683 1285; x_wconf 91' lang='lat' dir='ltr'><strong>te</strong></span> 
     </span>
     <span class='ocr_line' id='line_1_8' title="bbox 537 1347 2686 1432; baseline 0 -24"><span class='ocrx_word' id='word_1_40' title='bbox 537 1347 942 1411; x_wconf 83' lang='lat' dir='ltr'>monarchiae</span> <span class='ocrx_word' id='word_1_41' title='bbox 979 1348 1282 1430; x_wconf 90' lang='lat' dir='ltr'><strong>cupidum</strong></span> <span class='ocrx_word' id='word_1_42' title='bbox 1321 1370 1460 1410; x_wconf 84' lang='lat' dir='ltr'><strong>esse</strong></span> <span class='ocrx_word' id='word_1_43' title='bbox 1483 1347 1795 1432; x_wconf 82' lang='lat' dir='ltr'><strong>arguerit)</strong></span> <span class='ocrx_word' id='word_1_44' title='bbox 1820 1359 2014 1431; x_wconf 85' lang='lat' dir='ltr'><strong>teque</strong></span> <span class='ocrx_word' id='word_1_45' title='bbox 2037 1351 2440 1412; x_wconf 90' lang='lat' dir='ltr'><strong>coniuratum</strong></span> <span class='ocrx_word' id='word_1_46' title='bbox 2465 1347 2686 1429; x_wconf 91' lang='lat' dir='ltr'><strong>appel-</strong></span> 
     </span>
     <span class='ocr_line' id='line_1_9' title="bbox 535 1470 2681 1555; baseline 0 -23"><span class='ocrx_word' id='word_1_47' title='bbox 535 1470 772 1535; x_wconf 85' lang='lat' dir='ltr'><strong>laverit.</strong></span> <span class='ocrx_word' id='word_1_48' title='bbox 824 1479 1194 1536; x_wconf 81' lang='grc' dir='ltr'><em>καταντλεῖν</em></span> <span class='ocrx_word' id='word_1_49' title='bbox 1223 1473 1573 1554; x_wconf 84' lang='lat' dir='ltr'><strong>significat:</strong></span> <span class='ocrx_word' id='word_1_50' title='bbox 1606 1474 1829 1554; x_wconf 83' lang='lat' dir='ltr'><strong>frigida</strong></span> <span class='ocrx_word' id='word_1_51' title='bbox 1861 1473 1962 1535; x_wconf 92' lang='lat' dir='ltr'><strong>vel</strong></span> <span class='ocrx_word' id='word_1_52' title='bbox 1986 1474 2188 1536; x_wconf 86' lang='lat' dir='ltr'><strong>calida</strong></span> <span class='ocrx_word' id='word_1_53' title='bbox 2212 1495 2380 1555; x_wconf 86' lang='lat' dir='ltr'><strong>aqua</strong></span> <span class='ocrx_word' id='word_1_54' title='bbox 2406 1473 2681 1554; x_wconf 85' lang='lat' dir='ltr'>aliquem</span> 
     </span>
     <span class='ocr_line' id='line_1_10' title="bbox 533 1598 2685 1683; baseline 0 -24"><span class='ocrx_word' id='word_1_55' title='bbox 533 1599 910 1661; x_wconf 85' lang='lat' dir='ltr'><strong>suffundere.</strong></span> <span class='ocrx_word' id='word_1_56' title='bbox 977 1601 1115 1661; x_wconf 86' lang='lat' dir='ltr'><strong>Nos</strong></span> <span class='ocrx_word' id='word_1_57' title='bbox 1174 1622 1437 1682; x_wconf 88' lang='lat' dir='ltr'><strong>quoque</strong></span> <span class='ocrx_word' id='word_1_58' title='bbox 1499 1600 1937 1683; x_wconf 85' lang='lat' dir='ltr'><strong>metaphorice</strong></span> <span class='ocrx_word' id='word_1_59' title='bbox 1999 1602 2304 1664; x_wconf 83' lang='lat' dir='ltr'>dicimus:</span> <span class='ocrx_word' id='word_1_60' title='bbox 2356 1598 2438 1660; x_wconf 83' lang='lat' dir='ltr'><strong>Ik</strong></span> <span class='ocrx_word' id='word_1_61' title='bbox 2483 1599 2685 1676; x_wconf 78' lang='lat' dir='ltr'><strong>kreeg</strong></span> 
     </span>
    </p>
   </div>
   <div class='ocr_carea' id='block_1_6' title="bbox 527 1723 1548 1809">
    <p class='ocr_par' dir='ltr' id='par_1_6' title="bbox 527 1723 1548 1809">
     <span class='ocr_line' id='line_1_11' title="bbox 527 1723 1548 1809; baseline 0.003 -24"><span class='ocrx_word' id='word_1_62' title='bbox 527 1745 637 1786; x_wconf 84' lang='lat' dir='ltr'><strong>een</strong></span> <span class='ocrx_word' id='word_1_63' title='bbox 677 1723 972 1786; x_wconf 82' lang='lat' dir='ltr'><strong>stortbad</strong></span> <span class='ocrx_word' id='word_1_64' title='bbox 1006 1746 1157 1787; x_wconf 80' lang='lat' dir='ltr'><strong>over</strong></span> <span class='ocrx_word' id='word_1_65' title='bbox 1203 1727 1368 1808; x_wconf 59' lang='lat' dir='ltr'><strong>mijn</strong></span> <span class='ocrx_word' id='word_1_66' title='bbox 1417 1725 1548 1809; x_wconf 65' lang='lat' dir='ltr'><strong>lg&#39;yf.</strong></span> 
     </span>
    </p>
   </div>
   <div class='ocr_carea' id='block_1_7' title="bbox 527 1994 2677 2457">
    <p class='ocr_par' dir='ltr' id='par_1_7' title="bbox 527 1994 2677 2457">
     <span class='ocr_line' id='line_1_12' title="bbox 615 1994 2677 2074; baseline 0.001 -20"><span class='ocrx_word' id='word_1_67' title='bbox 615 1994 769 2074; x_wconf 84' lang='lat' dir='ltr'><strong>Lys.</strong></span> <span class='ocrx_word' id='word_1_68' title='bbox 843 2014 934 2055; x_wconf 81' lang='lat' dir='ltr'><strong>vs,</strong></span> <span class='ocrx_word' id='word_1_69' title='bbox 1005 2009 1130 2073; x_wconf 89' lang='lat'><strong>337</strong></span> <span class='ocrx_word' id='word_1_70' title='bbox 1201 1994 1425 2055; x_wconf 92' lang='lat' dir='ltr'><strong>mulier</strong></span> <span class='ocrx_word' id='word_1_71' title='bbox 1489 1994 1770 2074; x_wconf 84' lang='lat' dir='ltr'><strong>collegas</strong></span> <span class='ocrx_word' id='word_1_72' title='bbox 1846 1996 1933 2057; x_wconf 89' lang='lat' dir='ltr'><strong>ita</strong></span> <span class='ocrx_word' id='word_1_73' title='bbox 2001 1995 2338 2057; x_wconf 87' lang='lat' dir='ltr'><strong>admonet:</strong></span> <span class='ocrx_word' id='word_1_74' title='bbox 2412 1995 2677 2072; x_wconf 79' lang='lat' dir='ltr'><strong>„afferte</strong></span> 
     </span>
     <span class='ocr_line' id='line_1_13' title="bbox 527 2140 804 2200; baseline -0.007 -18"><span class='ocrx_word' id='word_1_75' title='bbox 527 2140 764 2200; x_wconf 90' lang='lat' dir='ltr'><strong>aquam</strong></span> <span class='ocrx_word' id='word_1_76' title='bbox 790 2171 804 2196; x_wconf 95' lang='lat'><em>,</em></span> 
     </span>
     <span class='ocr_line' id='line_1_14' title="bbox 1056 2244 1869 2331; baseline 0.002 -25"><span class='ocrx_word' id='word_1_77' title='bbox 1056 2248 1276 2320; x_wconf 71' lang='grc' dir='ltr'><em>ἥκουσα</em></span> <span class='ocrx_word' id='word_1_78' title='bbox 1323 2244 1450 2330; x_wconf 72' lang='grc' dir='ltr'><strong>γοὶρ</strong></span> <span class='ocrx_word' id='word_1_79' title='bbox 1499 2245 1869 2331; x_wconf 74' lang='grc' dir='ltr'><em>τυφογέρον-</em></span> 
     </span>
     <span class='ocr_line' id='line_1_15' title="bbox 1057 2371 2016 2457; baseline 0.002 -25"><span class='ocrx_word' id='word_1_80' title='bbox 1057 2395 1174 2442; x_wconf 84' lang='grc' dir='ltr'><strong>τας</strong></span> <span class='ocrx_word' id='word_1_81' title='bbox 1219 2371 1440 2456; x_wconf 64' lang='grc' dir='ltr'><em>ἄνδρας</em></span> <span class='ocrx_word' id='word_1_82' title='bbox 1485 2375 1697 2457; x_wconf 66' lang='grc' dir='ltr'><strong>ἔρρειν,</strong></span> <span class='ocrx_word' id='word_1_83' title='bbox 1745 2373 2016 2452; x_wconf 68' lang='grc' dir='ltr'><em>στελέχη</em></span> 
     </span>
    </p>
   </div>
   <div class='ocr_carea' id='block_1_8' title="bbox 1055 2497 2203 2584">
    <p class='ocr_par' dir='ltr' id='par_1_8' title="bbox 1055 2497 2203 2584">
     <span class='ocr_line' id='line_1_16' title="bbox 1055 2497 2203 2584; baseline 0.001 -25"><span class='ocrx_word' id='word_1_84' title='bbox 1055 2497 1389 2584; x_wconf 67' lang='grc' dir='ltr'><em>φέροντας,</em></span> <span class='ocrx_word' id='word_1_85' title='bbox 1437 2503 1626 2584; x_wconf 78' lang='grc' dir='ltr'><em>ὥσπερ</em></span> <span class='ocrx_word' id='word_1_86' title='bbox 1673 2499 2203 2580; x_wconf 75' lang='grc' dir='ltr'><em>βαλανεύσοντας,</em></span> 
     </span>
    </p>
   </div>
   <div class='ocr_carea' id='block_1_9' title="bbox 521 2649 2667 2732">
    <p class='ocr_par' dir='ltr' id='par_1_9' title="bbox 521 2649 2667 2732">
     <span class='ocr_line' id='line_1_17' title="bbox 521 2649 2667 2732; baseline 0 -22"><span class='ocrx_word' id='word_1_87' title='bbox 521 2649 731 2711; x_wconf 91' lang='lat' dir='ltr'><strong>audivi</strong></span> <span class='ocrx_word' id='word_1_88' title='bbox 800 2651 968 2711; x_wconf 92' lang='lat' dir='ltr'><strong>enim</strong></span> <span class='ocrx_word' id='word_1_89' title='bbox 1035 2651 1364 2732; x_wconf 85' lang='lat' dir='ltr'><strong>capulares</strong></span> <span class='ocrx_word' id='word_1_90' title='bbox 1425 2672 1608 2712; x_wconf 88' lang='lat' dir='ltr'><strong>senes</strong></span> <span class='ocrx_word' id='word_1_91' title='bbox 1671 2653 1919 2732; x_wconf 88' lang='lat' dir='ltr'><strong>stipites</strong></span> <span class='ocrx_word' id='word_1_92' title='bbox 1967 2651 2278 2725; x_wconf 64' lang='lat' dir='ltr'><strong>ferenteS,</strong></span> <span class='ocrx_word' id='word_1_93' title='bbox 2330 2660 2667 2731; x_wconf 85' lang='lat' dir='ltr'><strong>tamquam</strong></span> 
     </span>
    </p>
   </div>
   <div class='ocr_carea' id='block_1_10' title="bbox 521 2777 2005 2853">
    <p class='ocr_par' dir='ltr' id='par_1_10' title="bbox 521 2777 2005 2853">
     <span class='ocr_line' id='line_1_18' title="bbox 521 2777 2005 2853; baseline 0.001 -16"><span class='ocrx_word' id='word_1_94' title='bbox 521 2777 818 2839; x_wconf 89' lang='lat' dir='ltr'><strong>balneum</strong></span> <span class='ocrx_word' id='word_1_95' title='bbox 865 2777 1313 2853; x_wconf 84' lang='lat' dir='ltr'><strong>calefacturOS,</strong></span> <span class='ocrx_word' id='word_1_96' title='bbox 1363 2778 1755 2840; x_wconf 90' lang='lat' dir='ltr'><strong>adventuros</strong></span> <span class='ocrx_word' id='word_1_97' title='bbox 1803 2777 2005 2839; x_wconf 90' lang='lat' dir='ltr'><strong>esse.&#39;&#39;</strong></span> 
     </span>
    </p>
   </div>
   <div class='ocr_carea' id='block_1_11' title="bbox 512 3029 2665 3634">
    <p class='ocr_par' dir='ltr' id='par_1_11' title="bbox 512 3029 2665 3634">
     <span class='ocr_line' id='line_1_19' title="bbox 604 3029 2665 3112; baseline -0 -21"><span class='ocrx_word' id='word_1_98' title='bbox 604 3030 789 3092; x_wconf 91' lang='lat' dir='ltr'><strong>Duae</strong></span> <span class='ocrx_word' id='word_1_99' title='bbox 859 3031 1054 3092; x_wconf 93' lang='lat' dir='ltr'><strong>modo</strong></span> <span class='ocrx_word' id='word_1_100' title='bbox 1121 3032 1294 3112; x_wconf 89' lang='lat' dir='ltr'><strong>apud</strong></span> <span class='ocrx_word' id='word_1_101' title='bbox 1358 3042 1648 3093; x_wconf 90' lang='lat' dir='ltr'><strong>nostrum</strong></span> <span class='ocrx_word' id='word_1_102' title='bbox 1711 3041 2056 3093; x_wconf 90' lang='lat' dir='ltr'><strong>occurrunt</strong></span> <span class='ocrx_word' id='word_1_103' title='bbox 2103 3029 2523 3111; x_wconf 86' lang='lat' dir='ltr'><strong>metaphorae</strong></span> <span class='ocrx_word' id='word_1_104' title='bbox 2573 3050 2665 3090; x_wconf 85' lang='lat' dir='ltr'><strong>ex</strong></span> 
     </span>
     <span class='ocr_line' id='line_1_20' title="bbox 516 3154 1448 3238; baseline 0.004 -23"><span class='ocrx_word' id='word_1_105' title='bbox 516 3154 666 3215; x_wconf 91' lang='lat' dir='ltr'><strong>ludo</strong></span> <span class='ocrx_word' id='word_1_106' title='bbox 714 3156 997 3217; x_wconf 88' lang='lat' dir='ltr'><strong>alearum</strong></span> <span class='ocrx_word' id='word_1_107' title='bbox 1043 3156 1448 3238; x_wconf 90' lang='lat' dir='ltr'><strong>desumptae.</strong></span> 
     </span>
     <span class='ocr_line' id='line_1_21' title="bbox 515 3282 2660 3365; baseline 0 -22"><span class='ocrx_word' id='word_1_108' title='bbox 515 3282 755 3344; x_wconf 84' lang='lat' dir='ltr'><strong>EccleS.</strong></span> <span class='ocrx_word' id='word_1_109' title='bbox 807 3304 898 3344; x_wconf 74' lang='lat' dir='ltr'><strong>VS.</strong></span> <span class='ocrx_word' id='word_1_110' title='bbox 938 3285 1121 3360; x_wconf 88' lang='lat'><em>1118,</em></span> <span class='ocrx_word' id='word_1_111' title='bbox 1171 3283 1406 3345; x_wconf 84' lang='lat' dir='ltr'><strong>famula</strong></span> <span class='ocrx_word' id='word_1_112' title='bbox 1452 3283 1767 3365; x_wconf 91' lang='lat' dir='ltr'><strong>populum</strong></span> <span class='ocrx_word' id='word_1_113' title='bbox 1810 3284 1891 3345; x_wconf 89' lang='lat' dir='ltr'><strong>ad</strong></span> <span class='ocrx_word' id='word_1_114' title='bbox 1930 3305 2201 3346; x_wconf 88' lang='lat' dir='ltr'><strong>coenam</strong></span> <span class='ocrx_word' id='word_1_115' title='bbox 2242 3303 2660 3345; x_wconf 89' lang='lat' dir='ltr'><strong>communem</strong></span> 
     </span>
     <span class='ocr_line' id='line_1_22' title="bbox 512 3410 2529 3490; baseline 0 -22"><span class='ocrx_word' id='word_1_116' title='bbox 512 3410 788 3471; x_wconf 88' lang='lat' dir='ltr'><strong>invitans</strong></span> <span class='ocrx_word' id='word_1_117' title='bbox 853 3411 888 3470; x_wconf 91' lang='lat' dir='ltr'><strong>i.</strong></span> <span class='ocrx_word' id='word_1_118' title='bbox 932 3431 986 3472; x_wconf 87' lang='lat' dir='ltr'><strong>a.</strong></span> <span class='ocrx_word' id='word_1_119' title='bbox 1036 3410 1225 3472; x_wconf 87' lang='lat' dir='ltr'><strong>dicit:</strong></span> <span class='ocrx_word' id='word_1_120' title='bbox 1276 3410 1557 3489; x_wconf 79' lang='lat' dir='ltr'><strong>„Omnia</strong></span> <span class='ocrx_word' id='word_1_121' title='bbox 1607 3410 1779 3471; x_wconf 90' lang='lat' dir='ltr'><strong>bona</strong></span> <span class='ocrx_word' id='word_1_122' title='bbox 1824 3410 2008 3471; x_wconf 88' lang='lat' dir='ltr'><strong>vobis</strong></span> <span class='ocrx_word' id='word_1_123' title='bbox 2056 3418 2313 3490; x_wconf 92' lang='lat' dir='ltr'><strong>praesto</strong></span> <span class='ocrx_word' id='word_1_124' title='bbox 2361 3417 2529 3488; x_wconf 81' lang='lat' dir='ltr'><strong>sunt,</strong></span> 
     </span>
     <span class='ocr_line' id='line_1_23' title="bbox 1484 3546 2347 3634; baseline -0.003 -24"><span class='ocrx_word' id='word_1_125' title='bbox 1484 3548 1633 3610; x_wconf 73' lang='grc' dir='ltr'><em>πολι)</em></span> <span class='ocrx_word' id='word_1_126' title='bbox 1692 3549 1743 3610; x_wconf 80' lang='grc' dir='ltr'><strong>δ’</strong></span> <span class='ocrx_word' id='word_1_127' title='bbox 1795 3549 2225 3634; x_wconf 75' lang='grc' dir='ltr'><strong>ὑπερπέπαικεν</strong></span> <span class='ocrx_word' id='word_1_128' title='bbox 2268 3546 2347 3608; x_wconf 77' lang='grc' dir='ltr'><strong>αὖ</strong></span> 
     </span>
    </p>
   </div>
   <div class='ocr_carea' id='block_1_12' title="bbox 858 3671 2219 3759">
    <p class='ocr_par' dir='ltr' id='par_1_12' title="bbox 858 3671 2219 3759">
     <span class='ocr_line' id='line_1_24' title="bbox 858 3671 2219 3759; baseline 0 -24"><span class='ocrx_word' id='word_1_129' title='bbox 858 3675 1085 3735; x_wconf 75' lang='grc' dir='ltr'><em>τούτων</em></span> <span class='ocrx_word' id='word_1_130' title='bbox 1131 3673 1418 3736; x_wconf 79' lang='grc' dir='ltr'><em>οὲποέντων</em></span> <span class='ocrx_word' id='word_1_131' title='bbox 1466 3672 1550 3737; x_wconf 75' lang='grc' dir='ltr'><strong>τοὶ</strong></span> <span class='ocrx_word' id='word_1_132' title='bbox 1597 3672 1779 3735; x_wconf 76' lang='grc' dir='ltr'><em>Θάσι’</em></span> <span class='ocrx_word' id='word_1_133' title='bbox 1830 3671 2219 3759; x_wconf 73' lang='grc' dir='ltr'><em>ἀμφορείδια.</em></span> 
     </span>
    </p>
   </div>
   <div class='ocr_carea' id='block_1_13' title="bbox 508 3848 2649 4310">
    <p class='ocr_par' dir='ltr' id='par_1_13' title="bbox 508 3848 2648 4058">
     <span class='ocr_line' id='line_1_25' title="bbox 511 3848 2648 3930; baseline 0 -19"><span class='ocrx_word' id='word_1_134' title='bbox 511 3849 784 3911; x_wconf 88' lang='lat' dir='ltr'><strong>Thasiae</strong></span> <span class='ocrx_word' id='word_1_135' title='bbox 845 3849 1266 3930; x_wconf 87' lang='lat' dir='ltr'><strong>amphorulae</strong></span> <span class='ocrx_word' id='word_1_136' title='bbox 1329 3860 1547 3912; x_wconf 86' lang='lat' dir='ltr'><strong>autem</strong></span> <span class='ocrx_word' id='word_1_137' title='bbox 1600 3848 1763 3912; x_wconf 91' lang='lat' dir='ltr'><strong>haec</strong></span> <span class='ocrx_word' id='word_1_138' title='bbox 1808 3851 2023 3912; x_wconf 86' lang='lat' dir='ltr'><strong>omnia</strong></span> <span class='ocrx_word' id='word_1_139' title='bbox 2078 3851 2410 3913; x_wconf 90' lang='lat' dir='ltr'><strong>dulcedine</strong></span> <span class='ocrx_word' id='word_1_140' title='bbox 2456 3850 2648 3930; x_wconf 82' lang='lat' dir='ltr'><strong>longe</strong></span> 
     </span>
     <span class='ocr_line' id='line_1_26' title="bbox 508 3985 828 4058; baseline 0.003 -23"><span class='ocrx_word' id='word_1_141' title='bbox 508 3985 828 4058; x_wconf 91' lang='lat' dir='ltr'><strong>superant.</strong></span> 
     </span>
    </p>

    <p class='ocr_par' dir='ltr' id='par_1_14' title="bbox 509 4100 2478 4188">
     <span class='ocr_line' id='line_1_27' title="bbox 509 4100 2478 4188; baseline 0.001 -26"><span class='ocrx_word' id='word_1_142' title='bbox 509 4103 611 4166; x_wconf 88' lang='lat' dir='ltr'><strong>Fr.</strong></span> <span class='ocrx_word' id='word_1_143' title='bbox 667 4114 824 4181; x_wconf 86' lang='lat'>544:</span> <span class='ocrx_word' id='word_1_144' title='bbox 873 4100 1077 4187; x_wconf 66' lang='grc' dir='ltr'><em>φράζε</em></span> <span class='ocrx_word' id='word_1_145' title='bbox 1124 4106 1348 4174; x_wconf 77' lang='grc' dir='ltr'><em>τοίνυν,</em></span> <span class='ocrx_word' id='word_1_146' title='bbox 1398 4105 1474 4172; x_wconf 80' lang='grc' dir='ltr'><strong>ὡς</strong></span> <span class='ocrx_word' id='word_1_147' title='bbox 1522 4101 1646 4180; x_wconf 81' lang='grc' dir='ltr'><strong>ἐγὼ</strong></span> <span class='ocrx_word' id='word_1_148' title='bbox 1694 4107 1815 4173; x_wconf 77' lang='grc' dir='ltr'><strong>πᾶς</strong></span> <span class='ocrx_word' id='word_1_149' title='bbox 1860 4100 2227 4188; x_wconf 72' lang='grc' dir='ltr'><strong>ἀνέρριμμαι</strong></span> <span class='ocrx_word' id='word_1_150' title='bbox 2276 4103 2478 4184; x_wconf 75' lang='grc' dir='ltr'><em>κύβος.</em></span> 
     </span>
    </p>

    <p class='ocr_par' dir='ltr' id='par_1_15' title="bbox 508 4228 2649 4310">
     <span class='ocr_line' id='line_1_28' title="bbox 508 4228 2649 4310; baseline 0.001 -22"><span class='ocrx_word' id='word_1_151' title='bbox 508 4248 623 4288; x_wconf 94' lang='lat' dir='ltr'><strong>nos</strong></span> <span class='ocrx_word' id='word_1_152' title='bbox 689 4228 997 4291; x_wconf 89' lang='lat' dir='ltr'><strong>admonet</strong></span> <span class='ocrx_word' id='word_1_153' title='bbox 1060 4229 1613 4291; x_wconf 85' lang='lat' dir='ltr'><strong>celeberrimorum</strong></span> <span class='ocrx_word' id='word_1_154' title='bbox 1678 4229 1966 4292; x_wconf 86' lang='lat' dir='ltr'><strong>Caesaris</strong></span> <span class='ocrx_word' id='word_1_155' title='bbox 2027 4230 2369 4291; x_wconf 89' lang='lat' dir='ltr'><strong>verborum</strong></span> <span class='ocrx_word' id='word_1_156' title='bbox 2392 4280 2406 4306; x_wconf 94' lang='lat'><em>,</em></span> <span class='ocrx_word' id='word_1_157' title='bbox 2473 4239 2649 4310; x_wconf 91' lang='lat' dir='ltr'><strong>post-</strong></span> 
     </span>
    </p>
   </div>
   <div class='ocr_carea' id='block_1_14' title="bbox 503 4355 1576 4434">
    <p class='ocr_par' dir='ltr' id='par_1_16' title="bbox 503 4355 1576 4434">
     <span class='ocr_line' id='line_1_29' title="bbox 503 4355 1576 4434; baseline 0.001 -20"><span class='ocrx_word' id='word_1_158' title='bbox 503 4375 700 4434; x_wconf 92' lang='lat' dir='ltr'><strong>quam</strong></span> <span class='ocrx_word' id='word_1_159' title='bbox 749 4355 1152 4416; x_wconf 90' lang='lat' dir='ltr'><strong>Rubiconem</strong></span> <span class='ocrx_word' id='word_1_160' title='bbox 1200 4356 1576 4417; x_wconf 85' lang='lat' dir='ltr'><strong>transvexit.</strong></span> 
     </span>
    </p>
   </div>
  </div>
 </body>
</html>
