3317 5134
1547 498 1628 575 83

512 704 876 767 ficationem
912 706 1085 768 nullo
1113 705 1308 768 modo
1333 714 1550 787 potest
1573 704 1813 768 habere
1836 715 1984 788 post
2008 707 2237 769 verba:
2264 704 2657 792 ἀποστρέψας

504 830 608 892 τὸν
643 829 825 910 ὦμον.
879 831 1036 894 Mihi
1093 832 1220 894 fere
1269 831 1625 913 significare
1670 834 1955 896 videtur:
2003 855 2077 896 ac
2124 854 2271 897 eum
2320 836 2654 916 genu-im-

506 960 719 1038 posito
764 969 909 1022 toto
955 967 1072 1022 tuo
1117 978 1313 1020 onere
1356 959 1677 1040 deprimiS.

594 1083 759 1147 Cum
823 1084 1023 1149 Cleon
1084 1085 1146 1146 in
1208 1084 1422 1147 fabula
1460 1059 1801 1166 'Equitum
1857 1084 2177 1147 adulando
2224 1084 2341 1146 sibi
2386 1055 2653 1147 chorum

506 1209 840 1272 conciliare
863 1219 1151 1287 conatur,
1177 1209 1279 1272 hic
1304 1230 1431 1271 non
1455 1209 1803 1291 decipitur:
1831 1231 1925 1272 vs,
1950 1210 2079 1290 269
2103 1212 2270 1272 enim
2296 1211 2653 1306 exclamat:

595 1338 670 1406 ὡς
716 1337 768 1397 δ’
818 1333 1105 1417 ἀλαζὼν,
1153 1338 1228 1406 ὡς
1273 1334 1336 1396 δὲ
1385 1333 1681 1414 μάσθλης·
1731 1333 1878 1406 εἶδες
1923 1334 2005 1397 οῖ’
2055 1336 2391 1420 ὑπέρχεται

598 1451 846 1534 ὡσπερεὶ
887 1450 1188 1534 γέροντας
1233 1451 1401 1527 ἡμᾶς
1445 1446 2067 1529 κάκκοβαλικεύεται;

597 1560 744 1624 ἀλλ’
794 1561 900 1626 εὀὶν
945 1567 1146 1643 ταύτῃ
1192 1586 1272 1641 γε
1323 1567 1491 1639 νικᾷ,
1540 1565 1767 1642 ταυτῃὶ
1808 1563 2207 1640 πεπλήξεται·

596 1675 663 1751 ἣν
709 1675 760 1738 δ’
810 1678 1126 1756 ὑπεκκλίνῃ
1173 1699 1253 1754 γε
1302 1677 1490 1760 δευρὶ,
1539 1675 1609 1738 τὸ
1656 1676 1865 1744 σκέλος
1908 1674 2256 1760 κυρηβάσει.

503 1824 620 1865 nos
681 1803 984 1866 deludere
1043 1812 1344 1874 conatur,
1406 1803 1520 1864 sed
1566 1803 1617 1863 si
1663 1800 1784 1864 hac
1830 1802 2077 1865 ratione
2125 1802 2377 1878 vicerit,
2427 1802 2653 1863 eadem

501 1931 787 2007 ferietur,
860 1932 911 1992 si
971 1950 1124 1992 vero
1186 1929 1312 1992 huc
1371 1929 1811 2006 declinaverit,
1874 1930 1936 1990 in
2005 1949 2222 1991 meum
2269 1949 2412 1991 crus
2458 1938 2655 2010 caput

502 2058 820 2140 infringet.
905 2054 1268 2142 κυρηβάζειν
1344 2067 1443 2120 est
1503 2057 1805 2134 verbum,
1868 2056 2044 2138 quod
2106 2058 2168 2118 in
2233 2077 2350 2118 usu
2414 2066 2513 2118 est
2573 2057 2656 2116 de

503 2185 734 2247 ictibus
783 2205 1141 2266 caprorum.

587 2312 712 2393 Eq.
755 2333 845 2374 vs,
899 2313 1018 2392 387
1063 2309 1294 2373 chorus
1334 2309 1745 2384 botularium,
1793 2316 2224 2388 pugnatorem
2284 2326 2475 2368 suum
2523 2305 2647 2368 hoc

507 2437 703 2499 modo
751 2438 1006 2499 incitat:

1565 2519 1713 2586 ἀλλ’
1772 2519 1916 2583 ἔπιθι
1961 2523 2069 2583 καὶ
2108 2519 2383 2604 στρόβει,

767 2638 956 2718 μηδὲν
1002 2636 1207 2715 ὀλίγον
1253 2641 1416 2698 ποιέι.
1463 2638 1562 2697 νῦν
1609 2633 1738 2719 γάρ
1786 2637 2007 2713 ἔχεται
2054 2635 2255 2712 μέσος·

766 2755 841 2823 ὡς
895 2751 1001 2814 ἐάν
1056 2755 1178 2813 νυνὶ
1219 2750 1517 2829 μαλάξῃς
1565 2747 1751 2811 αὐτὸν
1799 2746 1858 2810 ἐν
1899 2750 1975 2826 τῇ
2022 2742 2352 2832 προσβολῇ,

763 2878 952 2941 δειλὸν
999 2878 1274 2961 εὑρήσεις·
1974 2863 1981 2870 ’

499 3006 746 3068 medius
806 3014 1079 3079 tenetur,
1145 3003 1195 3063 si
1258 3020 1426 3063 nunc
1493 3020 1640 3061 eum
1709 2999 1954 3078 impetu
2018 3006 2133 3059 tuo
2173 2996 2638 3072 debilitaveriS,

497 3133 806 3211 ignavum
853 3129 1144 3210 reperies,
1194 3126 1687 3206 Unusquisque,
1735 3124 2066 3184 minimam
2116 3123 2311 3184 modo
2358 3123 2643 3185 luctandi

495 3256 960 3338 experientiam
1021 3231 1294 3325 habeat,
1385 3261 1604 3313 actum
1676 3269 1818 3310 esse
1894 3250 2013 3312 scit
2088 3248 2170 3310 de
2246 3249 2383 3324 illo,
2464 3250 2644 3310 cuius

499 3382 780 3443 medium
828 3399 1061 3461 corpus
1106 3377 1503 3439 adversarius
1550 3374 1996 3455 amplectatur.

586 3509 694 3571 Ex
760 3507 936 3570 Nub.
1005 3527 1097 3568 vs,
1182 3517 1344 3583 1047
1416 3522 1678 3584 quoque
1744 3501 1868 3564 hoc
1930 3501 2173 3562 discere
2232 3503 2474 3582 possiS,
2539 3500 2647 3562 ubi

496 3640 983 3714 argumentator
1027 3631 1296 3692 iniustus
1344 3628 1783 3690 adversarium
1826 3628 1915 3690 ita
1962 3625 2354 3707 interpellat:

631 3761 899 3840 ἐπίσχες·
949 3756 1111 3827 εὐθύς
1157 3756 1285 3840 γάρ
1333 3777 1398 3818 σε
1445 3756 1630 3835 μέσον
1680 3756 1807 3833 ἔχω
1856 3753 2070 3836 λαβὼν
2117 3752 2420 3832 ἄφυκτον.

585 3886 758 3947 Nub.
830 3904 923 3946 vs,
983 3881 1103 3945 126
1174 3879 1574 3962 Strepsiades
1633 3889 1982 3961 postquam
2053 3878 2227 3960 apud
2298 3878 2496 3940 filium
2562 3881 2645 3941 nil

494 4008 716 4086 effecit,
765 4030 834 4070 se
879 4009 967 4070 ita
1010 4006 1410 4069 consolatur:

854 4117 999 4182 ἀλλ’
1046 4117 1166 4182 οὐδ’
1215 4120 1340 4196 ἐγὼ
1387 4120 1594 4196 μέντοι
1638 4118 1830 4179 πεσών
1875 4138 1955 4193 γε
2000 4118 2296 4194 κείσομαι.

535 4314 540 4318 .
586 4247 757 4309 Ante
846 4246 1072 4341 i‘nitum
1144 4243 1547 4305 aemulorum
1617 4251 1958 4324 poetarum
2022 4250 2346 4302 certamen
2409 4238 2643 4300 chorus

491 4371 656 4436 Ran.
706 4393 796 4434 vs,
843 4373 964 4451 875
1027 4371 1248 4431 Musas
1295 4367 1392 4430 his
1443 4368 1651 4431 verbis
1700 4369 1989 4429 invocat:
