3317 5134
1514 479 1592 545 75

581 679 768 740 Initio
827 677 1082 739 fabulae
1129 677 1715 740 Ecclesiazusarum
1764 683 2157 755 spectatores
2202 675 2633 754 Praxagoram

491 803 696 865 solam
758 785 1124 885 adspiciunt
1181 805 1244 865 in
1305 824 1494 865 scena
1515 824 1530 881 ;
1580 802 1904 864 lucernam
1950 820 2147 881 quam
2196 820 2389 862 manu
2435 801 2631 881 gerit,

490 930 582 991 ita
624 930 986 1010 alloquitur,
1037 931 1404 1012 tragoediae
1449 930 1693 1011 stylum
1742 929 1984 991 comice
2028 928 2307 991 imitata:

759 1055 850 1117 τΩ
899 1057 1180 1140 λαμπρὸν
1225 1060 1407 1136 ὄμμα
1454 1059 1562 1119 τοῦ
1606 1053 1995 1140 τροχηλάτου
2042 1056 2287 1134 λύχνου.

493 1179 601 1256 „O
653 1179 859 1242 lucide
921 1182 1104 1243 ocule
1166 1181 1372 1244 fictilis
1428 1178 1788 1244 lucernae.''
1837 1180 1963 1263 Qui
2008 1180 2375 1243 recordatur
2417 1180 2630 1243 Solem

493 1325 688 1386 saepe
726 1306 849 1368 diei
886 1307 1145 1370 oculum
1186 1307 1416 1385 vocari,
1461 1307 1649 1369 huius
1689 1327 1910 1369 versus
1932 1307 2063 1368 vim
2086 1307 2396 1368 comicam
2421 1308 2632 1369 sentit.

585 1522 752 1585 Cum
820 1523 882 1583 in
952 1522 1166 1584 fabula
1232 1522 1633 1603 Lysistratae
1698 1521 2131 1585 Athenienses
2193 1531 2258 1585 et
2316 1522 2635 1584 Lacedae-

497 1648 696 1710 monii
763 1671 803 1710 a
873 1649 1240 1712 mulieribus
1300 1650 1506 1712 coacti
1567 1649 1837 1711 invicem
1902 1648 2152 1730 legatos
2205 1650 2510 1711 miserunt
2554 1648 2636 1709 ad

494 1797 722 1857 pacem
771 1776 1160 1852 faciendam,
1211 1775 1644 1837 Athenienses
1701 1796 1793 1836 VS.
1852 1774 2015 1836 1168
2062 1785 2327 1856 rogant:

762 1901 1041 1963 τό·δεῖνα
1088 1904 1280 1962 τοίνυν
1324 1897 1607 1985 παράδοθ’
1655 1902 1797 1980 ἡμῖν
1842 1901 2076 1962 τουτονὶ

765 2030 1071 2112 πρώτιστα
1118 2027 1222 2090 τὸν
1267 2024 1638 2106 Ἐχινοῦντα
1686 2029 1793 2088 καὶ
1837 2026 1939 2088 τὸν
1986 2024 2219 2102 Μηλιᾶ

764 2158 981 2216 κόλπον
1026 2153 1130 2216 τὸν
1175 2151 1399 2217 ὄπισθεν
1445 2156 1549 2214 καὶ
1595 2152 1681 2214 τοὶ
1728 2150 2084 2236 Μεγαρικοὶ
2121 2153 2324 2228 σκέλη.

495 2281 750 2343 Eodem
787 2301 977 2343 sensu
1017 2280 1313 2342 nimirum
1353 2300 1486 2359 quo
1520 2279 1643 2341 hoc
1682 2279 1824 2341 loco
1863 2288 2059 2360 atque
2099 2279 2247 2341 alibi
2284 2279 2640 2341 sexcenties

497 2428 538 2469 a
598 2393 892 2468 Graecis'
924 2416 1264 2487 usurpatur
1331 2426 1466 2467 vox
1510 2410 1763 2478 κόλπος,
1811 2406 2088 2467 Romani
2136 2415 2403 2468 utuntur
2447 2426 2639 2467 voce:

493 2530 682 2592 sinus
726 2541 792 2594 et
838 2552 990 2593 nos:
1039 2529 1300 2594 boezem.

587 2734 849 2796 Ran.VS.
869 2753 931 2813 4.
951 2734 1283 2814 Dionysus
1307 2753 1495 2794 servo
1520 2735 1811 2814 imperat:
1839 2732 1964 2794 noli
1987 2733 2212 2794 dicere:
2237 2733 2311 2802 ὡς
2337 2729 2639 2813 πιέζομαι,

1441 2853 1599 2920 πάνυ
1645 2856 1775 2943 γάρ
1824 2856 1947 2920 ἐστ’
1997 2859 2101 2933 ἤδη
2151 2860 2331 2936 χολή.

501 3003 650 3045 nam
699 2983 960 3064 frigidus
1004 2983 1106 3044 ille
1154 2984 1331 3045 iocus
1378 2982 1483 3044 bili
1529 2983 1655 3044 iam
1704 2983 1979 3043 amarior
2023 2991 2138 3044 est.

590 3185 890 3248 Socrates
971 3194 1342 3265 stupentem
1413 3204 1653 3246 novum
1725 3183 2105 3265 discipulum
2171 3184 2409 3246 docens
2476 3185 2645 3246 solas

504 3313 730 3374 Nubes
781 3313 843 3373 in
906 3311 1088 3374 coelo
1149 3331 1415 3391 regnare
1473 3320 1538 3373 et
1596 3319 1829 3372 cuncta
1882 3332 1999 3372 suo
2061 3312 2320 3373 numine
2364 3312 2638 3386 efficere,

504 3437 742 3500 fulmen
827 3446 1048 3498 autem
1131 3457 1262 3518 quo
1331 3436 1526 3496 modo
1593 3436 1834 3498 oriatur
1899 3435 1996 3497 his
2064 3436 2275 3498 verbis
2340 3435 2647 3517 explanat

503 3562 678 3626 Nub.
728 3585 824 3626 vs,
872 3577 1039 3643 405:

594 3692 743 3751 ὅταν
798 3689 855 3759 ἐς
902 3689 1143 3759 ταύτας
1189 3690 1412 3768 άνεμος
1459 3689 1632 3774 ξηρὸς
1679 3687 2085 3773 μετεωρισθεὶς
2131 3688 2557 3769 κατακλῃσθῇ,

595 3813 816 3877 ἔνδοθεν
863 3814 1062 3884 αὐτοὶς
1109 3818 1298 3898 ὥσπερ
1346 3817 1550 3876 κύστιν
1596 3813 1807 3894 φυσᾷ,
1856 3813 2083 3877 κᾶπειθ’
2133 3816 2230 3877 ὑπ’
2280 3813 2561 3893 ἀνάγκης

592 3941 782 4026 ῥήξας
828 3939 1026 4010 αὐτας
1074 3942 1191 4018 ἔξω
1237 3938 1495 4025 φέρεται
1541 3939 1800 4026 σοβαρὸς
1844 3939 1943 4002 διά
1988 3941 2098 4018 τὴν
2144 3944 2516 4016 πυκνότητα,

595 4067 702 4128 ὑπὸ
748 4069 856 4128 τοῦ
903 4065 1135 4149 ῥοίβδου
1180 4068 1286 4126 καὶ
1328 4069 1435 4141 τῆς
1479 4067 1672 4149 ῥύμης
1718 4065 1901 4134 αὐτὸς
1948 4065 2164 4128 ἑαυτὸν
2208 4065 2558 4129 κατακάων.

505 4212 653 4254 cum
724 4202 951 4254 ventus
1011 4191 1223 4253 aridus
1297 4191 1586 4252 sublimis
1648 4191 1943 4253 sublatus
2003 4191 2065 4252 in
2112 4191 2247 4252 istis
2293 4190 2649 4264 includitur,

508 4321 680 4381 intus
745 4339 854 4380 eas
923 4317 1103 4380 inflat
1173 4327 1506 4399 tamquam
1574 4318 1889 4394 vesicam,
1975 4317 2240 4380 deinde*
2274 4318 2652 4380 necessitate
