3317 5134
709 678 985 741 Hermes
1035 701 1125 742 νε.
1173 683 1296 758 481
1350 683 1520 746 dicit.

1629 797 1893 859 ἕλκουσιν
1938 795 1988 859 δ’
2039 800 2229 877 ὁμως,

877 925 1325 1005 γλισχρότατα
1374 920 1786 1008 σαρκάζοντες
1833 925 2024 1010 ὥσπερ
2070 920 2318 1005 κυνιδια,

705 1047 1053 1126 respondet
1097 1048 1460 1129 Trygaeus.

882 1200 989 1262 ὑπὸ
1036 1202 1143 1263 τοῦ
1187 1224 1268 1280 γε
1315 1205 1496 1281 λιμοῦ
1542 1204 1606 1280 νὴ
1651 1199 2256 1289 Δί’ἐξολωλότες(1)
2302 1202 2462 1264 alter
2500 1211 2639 1264 tum
2680 1202 2847 1265 dicit.

797 1352 1070 1433 „Neque
1117 1352 1529 1434 Megarenses
1574 1355 1924 1436 quicquam
1972 1352 2238 1435 agunt.”

797 1479 1162 1557 „Attamen
1188 1481 1549 1542 avidissime
1571 1480 1857 1558 trahunt,
1882 1481 2208 1562 ringentes
2233 1490 2570 1561 tamquam
2595 1477 2851 1544 catuli.'’

797 1605 1109 1686 „Propter
1152 1605 1388 1668 famem
1435 1606 1707 1684 scilicet,
1756 1629 1886 1689 qua
1935 1608 2305 1689 dispereunt
2351 1606 2651 1696 miselliffl

797 1843 977 1905 Idem
1045 1845 1202 1907 deus
1271 1846 1600 1927 explicans
1662 1868 1775 1909 cur
1834 1848 1965 1909 Pax
2029 1869 2113 1910 ex
2158 1848 2449 1911 -Graecia
2511 1847 2850 1929 aufugerit,

711 1969 876 2031 inter
920 1969 1042 2032 alia
1088 1970 1212 2033 hoc
1259 1992 1520 2054 quoque
1565 1983 1864 2036 autumat
1907 1994 2000 2036 VS.
2050 1975 2214 2055 639:

801 2094 897 2173 „Ii
922 2145 936 2172 ,
999 2096 1109 2176 qui
1172 2096 1369 2158 verba
1424 2097 1709 2161 fecerunt
1754 2099 1816 2160 in
1863 2099 2035 2177 for0,
2085 2100 2471 2162 clamoribus
2517 2102 2647 2162 suis
2692 2100 2857 2163 hanc

709 2221 899 2283 deam
946 2221 1336 2303 expulerunt
1354 2273 1369 2300 ‚

892 2379 1011 2437 τῶν
1055 2371 1123 2438 δὲ
1169 2375 1532 2456 συμμάχων
1575 2380 1757 2440 ἔσειον
1802 2378 1939 2449 τούς
1985 2385 2212 2458 παχεῖς
2257 2381 2363 2440 καὶ
2399 2383 2722 2456 πλουσίους,

893 2502 1096 2571 αἰτίας
1143 2500 1221 2563 οἳν
1267 2500 1671 2587 προστιθέντες
1718 2506 1793 2574 ὡς
1839 2501 2058 2589 φρονεῖ
2088 2503 2172 2566 τα
2221 2503 2532 2590 Βρασίδου.

894 2625 1000 2688 εἶτ’
1051 2625 1129 2689 οἳν
1175 2629 1347 2707 ὑμεῖς
1393 2625 1604 2690 τοῦτον
1649 2632 1839 2714 ὥσπερ
1884 2623 2577 2717 κυνι’δι”ἐσπαροέττετε.

799 2782 958 2862 Lys.
1007 2803 1098 2843 νε.
1153 2784 1280 2862 298
1330 2803 1514 2844 senes
1555 2782 1875 2863 clamant,
1929 2783 2107 2844 fumo
2155 2805 2194 2845 a
2241 2784 2643 2860 mulieribuS,
2691 2780 2861 2865 quae

712 2926 927 2969 arcem
968 2918 1452 2988 occupaverunt
1471 2958 1486 2985 ,
1529 2897 1799 2988 repulsi:

1028 3032 1272 3118 ”Ωσπερ
1318 3036 1469 3096 κύων
1519 3039 1808 3096 λυττῶσα
1849 3031 2210 3113 τώφθαλμὼ
2256 3034 2475 3096 δοέκνει.

803 3209 1112 3292 Σώζεσθαί
1143 3210 1199 3273 σ’
1249 3210 1512 3274 ἐκέλευσ’
1549 3211 1694 3296 ἱερὸν
1717 3214 1867 3273 κύνα
1895 3212 2361 3296 καρχαρόδοντα
2403 3210 2674 3298 (Loxias
2699 3213 2857 3294 scil.)

717 3338 923 3401 Cleon
993 3338 1116 3420 Eq.
1186 3359 1281 3400 VS.
1363 3352 1526 3417 1017
1611 3338 1825 3399 Demo
1872 3338 2056 3415 dicit,
2122 3337 2229 3399 ubi
2275 3337 2545 3399 oraculis
2590 3337 2864 3399 ridiculis

719 3487 869 3528 cum
937 3466 1257 3528 botulario
1327 3475 1568 3542 certat,
1633 3485 1703 3526 se
1762 3465 1973 3545 ipsum
2050 3483 2434 3545 comparans
2496 3485 2645 3527 cum
2706 3486 2865 3528 cane

716 3590 907 3672 vigili,
974 3589 1288 3672 praesidio
1354 3590 1616 3652 domini.
1682 3589 2045 3652 Botularius
2106 3599 2362 3652 contra:
2427 3591 2700 3670 „Dicam
2746 3591 2865 3654 tibi
2953 3675 2959 3680 ψ

716 3728 923 3811 qualis
969 3729 1052 3790 sit
1097 3729 1303 3790 canis:

1012 3868 1204 3950 ὥσπερ
1251 3861 1606 3950 ἀθοέρης(2)
1652 3887 1757 3926 σου
1803 3870 1921 3928 τῶν
1969 3870 2190 3945 λογίων
2236 3862 2551 3950 παρεσθίει.

792 4103 825 4164 ¹)
883 4103 966 4152 Sic
1018 4102 1224 4154 distinxi
1269 4104 1468 4163 locum,
1514 4103 1600 4167 qui
1646 4118 1913 4167 perperam
1948 4103 2200 4151 Mercurio
2235 4101 2518 4150 continuari
2555 4102 2683 4150 solet
2720 4109 2869 4154 totus,

720 4195 975 4244 Particula
1007 4215 1060 4258 γε
1097 4195 1245 4243 docet
1291 4211 1361 4246 νε.
1397 4193 1496 4258 483
1543 4211 1838 4258 responsum
1880 4193 1990 4242 dari
2026 4193 2092 4241 ad
2127 4193 2531 4241 observationem
2566 4208 2695 4257 quae
2727 4209 2871 4257 prae-

721 4287 855 4336 cedit
888 4286 1160 4349 pertinens.

790 4375 853 4439 (²)
889 4377 1017 4428 Cod.
1055 4379 1193 4445 θύρας
1227 4376 1333 4424 sine
1367 4391 1530 4424 sensu.
1566 4375 1873 4424 Emendavit
1908 4376 2250 4426 HermannuS.
