3317 5134
1653 467 1743 530 90

725 660 887 721 Ran¹
938 683 1031 723 vs,
1088 660 1255 741 1296
1316 668 1666 740 postquam
1726 658 2063 739 Euripides
2124 656 2438 738 Aeschyli
2498 658 2779 719 carmina

633 786 928 848 sublimia
991 787 1052 847 in
1115 785 1448 848 ridiculum
1492 784 1794 861 detorsit,
1859 785 2095 847 arbiter
2156 785 2488 866 Dionysus
2552 793 2776 865 rogat:

723 940 787 997 τί
827 936 895 998 τὸ
941 933 1348 1020 φλαττοθρατ
1396 934 1561 996 τοῦτ’
1615 933 1809 1009 ἐστίν;
1857 940 1921 996 ἐκ
1971 932 2358 1019 Μαραθῶνος
2408 933 2441 1010 ἢ

723 1060 891 1124 ποθεν
935 1064 1264 1140 συνέλεξας
1311 1058 1761 1146 ἱμονιοστρόφου
1810 1061 2009 1140 μέλη;

634 1227 704 1286 In
752 1224 1148 1288 Marathonis
1193 1243 1305 1285 ora
1347 1192 1658 1305 paludosa
1724 1223 1926 1287 multa
1973 1225 2301 1287 crescebat
2348 1223 2571 1303 φλέως,
2626 1225 2775 1307 (vid.

637 1353 767 1413 Av.
814 1351 968 1431 246)
1019 1370 1103 1412 ex
1149 1371 1279 1431 qua
1326 1351 1592 1412 materia
1639 1350 1820 1411 funes
1867 1350 2352 1432 torquebantur,
2401 1351 2547 1413 ideo
2592 1363 2779 1432 rogat

637 1496 791 1537 num
875 1497 960 1538 ex
1028 1474 1411 1538 Marathone
1480 1456 1830 1557 praelonga
1900 1496 2017 1537 sua
2082 1477 2364 1539 carmina
2432 1476 2777 1559 collegerit.

635 1601 1070 1680 „Seilerlieder
1114 1601 1365 1663 heissen
1409 1603 1523 1663 des
1565 1600 1933 1682 Aeschylos
1974 1600 2433 1684 Chorgesange
2476 1602 2611 1665 hier
2634 1604 2779 1666 des-

636 1749 881 1809 wegen‚
937 1728 1077 1790 weil
1132 1729 1222 1790 sie
1276 1749 1392 1791 aus
1449 1715 1789 1790 unendlich
1828 1728 2062 1809 langen
2108 1729 2355 1790 Versen
2404 1728 2779 1806 bestanden,

638 1853 940 1916 wahrend
1008 1854 1110 1915 die
1177 1854 1381 1915 Verse
1441 1854 1555 1916 der
1613 1852 2134 1934 Euripideischen
2197 1853 2356 1932 μέλη
2405 1853 2591 1915 meist
2635 1851 2782 1915 sehr

637 1979 793 2040 kurz
839 1976 1043 2042 sind.'’
1071 1978 1324 2064 (Kock)
1356 1980 1708 2041 Vertamus
1733 1979 1956 2060 igitur:
1983 1978 2135 2058 quid
2159 1978 2328 2040 istud
2353 1977 2783 2059 phlattothrat

639 2104 758 2166 sibi
804 2105 984 2166 vult?
1029 2105 1280 2186 Ecquid
1327 2126 1412 2167 ex
1458 2104 1843 2167 Marathone
1889 2103 1951 2165 id
1997 2103 2310 2166 habes—
2345 2113 2571 2186 utpote
2618 2125 2781 2166 unus

640 2251 723 2291 ex
798 2228 1430 2293 Marathonomachis
1498 2267 1585 2277 —
1662 2250 1743 2292 an
1807 2231 2085 2310 aliunde⁸
2119 2231 2360 2293 duxisti
2421 2232 2575 2293 istas
2637 2240 2783 2293 tuas

646 2356 904 2416 naenias
949 2354 1228 2418 infinitas
1273 2355 1558 2417 restiario
1606 2376 1804 2436 quam
1850 2365 2045 2436 poeta
2091 2356 2452 2437 digniores?

726 2468 868 2529 Pac.
891 2488 984 2530 vs,
1016 2469 1100 2547 36
1145 2467 1430 2529 merdam
1453 2467 1771 2530 devorans
1796 2468 2180 2530 scarabaeus
2204 2470 2363 2531 scite
2378 2470 2779 2550 depingitur:

1149 2615 1258 2687 riqiz
1303 2613 1584 2695 κεφαλήν
1627 2640 1697 2679 τε
1744 2619 1852 2679 καὶ
1893 2620 1977 2680 τὼ
2026 2620 2198 2702 χεῖρέ
2244 2642 2363 2689 πως

905 2742 1008 2802 ὡδὶ
1050 2740 1258 2826 περιάγ
1275 2764 1385 2813 ων,
1435 2746 1624 2826 ὥσπερ
1672 2744 1726 2803 οἱ
1766 2741 1851 2804 τοὶ
1900 2746 2141 2822 σχοινία

906 2865 989 2929 τοὶ
1037 2867 1256 2945 παχέα
1293 2865 1763 2947 συμβάλλοντες
1810 2866 1868 2958 ἐς
1914 2867 2031 2938 τοὶς
2075 2868 2363 2939 ὁλκάδας.

639 3027 836 3100 caput
874 3039 949 3080 ac
972 3038 1203 3080 manus
1229 3018 1317 3081 ita
1340 3018 1839 3095 circumducen3‚
1875 3028 1946 3081 ut
1969 3020 2009 3081 ii
2048 3020 2157 3100 qui
2198 3040 2445 3082 crassos
2483 3021 2783 3084 rudentes

639 3145 1035 3207 convolvunt
1079 3144 1140 3204 in
1191 3163 1388 3204 naves
1435 3143 1776 3205 onerariaS.

729 3357 895 3421 Cum
943 3356 1283 3438 Euripides
1321 3357 1558 3419 astutia
1582 3377 1699 3417 sua
1724 3376 2015 3418 socerum
2050 3377 2238 3418 suum
2263 3356 2528 3418 liberare
2555 3357 2787 3420 frustra

642 3491 913 3544 conatus
961 3490 1091 3559 est,
1141 3503 1268 3543 una
1315 3503 1399 3543 ex
1449 3480 1816 3543 mulieribus
1861 3480 2122 3543 Thesm.
2172 3502 2263 3544 vs,
2307 3500 2441 3562 934
2487 3483 2673 3545 dicit:

1437 3633 1501 3708 νὴ
1560 3630 1700 3703 Δί’,
1748 3633 1823 3702 ὡς
1870 3635 1970 3695 νῦν
2014 3629 2144 3708 δῆτ’
2194 3631 2342 3717 ἀνὴρ

997 3757 1205 3834 ὀλίγου
1251 3755 1321 3836 μ’
1370 3754 1654 3834 ἀφείλετ’
1703 3756 1888 3820 αὐτὸν
1943 3755 2338 3842 ἱστιορράφος.

640 3910 722 3972 ad
770 3907 1221 3990 explicandam
1266 3927 1493 3968 vocem
1541 3903 1952 3992 ἱστιορράφος,
2000 3928 2169 3988 quae
2204 3907 2328 3970 hoc
2363 3907 2505 3971 loco
2546 3910 2785 3991 signifi-

641 4045 778 4097 cat:
851 4033 1049 4095 homo
1112 4030 1319 4112 vafer,
1371 4030 1713 4094 scholiasta
1759 4041 2062 4096 annotat:
2112 4031 2239 4095 ἐπεὶ
2282 4035 2405 4096 ἄνω
2450 4035 2785 4112 αἰγυπτιά-

644 4158 768 4241 ζειν
814 4158 1032 4242 αὐτούς
1082 4155 1233 4237 ἐφη,
1283 4157 1338 4218 οἱ
1378 4153 1442 4218 δὲ
1495 4155 1828 4234 Αἰγύπτιοι
1870 4163 2143 4221 λινοποιοί
2176 4158 2334 4221 εἰσιν.
2375 4157 2479 4244 (ac
2524 4172 2788 4243 propter

643 4286 950 4348 astutiam
995 4303 1182 4346 suam
1231 4283 1542 4365 infames)
