3317 5134
1546 504 1632 566 29

495 696 821 776 τραγικοῦ,
891 695 952 756 ὃν
1025 693 1340 772 Ἀθηναῖοι
1404 703 1636 776 χιλίαις
1684 697 2026 780 ἐζημίωσαν
2072 702 2292 764 ἅλωσιν
2339 699 2634 780 Μιλήτου

486 819 1002 902 τραγῳδήσαντα.

485 975 759 1065 ἀλέκτωρ
827 980 930 1043 hic
1002 992 1100 1045 est
1170 984 1376 1065 gallus
1444 986 1528 1048 ab
1597 989 1960 1050 adversario
2022 991 2085 1051 in
2131 993 2477 1052 certamine
2521 991 2631 1052 de-

482 1105 690 1168 victus

483 1331 595 1395 Ex
637 1334 998 1416 fragmento
1046 1353 1208 1418 237:

924 1487 1034 1564 ᾠὸν
1071 1489 1368 1568 μέγιστον
1414 1491 1658 1552 τέτοκεν
1704 1493 1780 1560 ὡς
1824 1489 2187 1576 ἀλεκτρυών.

481 1636 722 1700 discere
776 1660 1122 1720 possumus
1181 1662 1410 1703 vocem
1479 1640 1823 1727 ἀλεκτρυών
1889 1645 2084 1706 etiam
2155 1647 2443 1726 usurpari
2511 1667 2627 1727 pro

479 1763 714 1843 gallina
777 1786 894 1827 nec
956 1767 1166 1829 solum
1227 1789 1347 1849 pro
1399 1769 1587 1850 gallo.
1640 1769 1733 1832 Cf.
1786 1791 2046 1852 quoque
2090 1771 2330 1834 Cratini
2378 1772 2446 1835 sr.
2508 1775 2625 1836 108

489 1890 741 1953 fabulae
786 1893 1176 1956 Nemeseos:

746 2029 975 2108 Λήδα,
1024 2033 1125 2094 σὸν
1171 2037 1364 2119 ἔργον·
1414 2035 1516 2096 δεῖ
1536 2032 1591 2096 σ’
1642 2038 1793 2106 ὅπως
1842 2037 2214 2116 εὐσχήμονος

747 2155 1138 2243 ἀλεκτρυόνος
1208 2160 1397 2239 μηδὲν
1446 2160 1672 2231 διοίσεις
1718 2162 1856 2232 τοὺς
1902 2165 2181 2246 τρόπους,

745 2285 843 2344 ἐπὶ
883 2284 1025 2361 τῷδ’
1075 2282 1380 2365 ἐπώζουσ’,
1429 2287 1505 2356 ὡς
1551 2285 1629 2348 ἂν
1677 2285 1933 2366 ἐκλέψιρς
1978 2287 2165 2348 καλὸν

746 2411 888 2488 ἡμῖν
932 2434 992 2473 τι
1037 2413 1142 2473 καὶ
1185 2409 1540 2491 θαυμαστὸν
1587 2411 1651 2474 ἐκ
1698 2413 1857 2475 τοῦδ’
1907 2416 2113 2498 ὄρνεον.

473 2571 726 2634 videtur
787 2572 1085 2637 Cratinus
1123 2595 1386 2656 quoque
1428 2575 1690 2637 finxisse
1727 2595 1923 2636 ovum
1972 2595 2011 2636 a
2058 2575 2317 2635 Nemesi
2364 2585 2621 2656 partum

473 2697 557 2758 ab
601 2699 782 2760 Leda
827 2699 1162 2762 exclusum
1210 2722 1349 2764 esse
1395 2701 1663 2783 (Kock).

561 2914 760 2976 Gallis
842 2917 1107 2978 accedat
1191 2918 1387 2979 mirus
1455 2917 1556 2978 ille
1625 2915 1939 2996 Aeschyli
1993 2917 2462 3000 ἱππαλεκτρυών,
2508 2917 2619 2996 qui

469 3048 714 3119 σημεῖον
761 3047 821 3104 ὲν
866 3048 1006 3112 ταῖς
1052 3046 1256 3106 ναυσὶν
1302 3042 1723 3128 ἐνεγέγραπτο
1764 3039 1869 3128 (¹).
1918 3044 2083 3105 Vide
2128 3042 2293 3104 Ran.
2344 3063 2436 3104 VS.
2465 3059 2615 3122 932.

467 3165 715 3228 Rarum
791 3165 915 3228 hoc
991 3168 1227 3229 animal
1296 3177 1516 3229 nostro
1585 3167 1773 3228 valde
1839 3167 2151 3229 ludicrum
2226 3169 2436 3229 visum
2499 3177 2615 3231 est.

467 3291 724 3374 Nempe
794 3314 922 3355 non
989 3294 1200 3356 solum
1268 3293 1410 3356 loco
1459 3314 1663 3375 nuper
1706 3293 1969 3355 laudato
2032 3293 2096 3354 id
2158 3293 2220 3354 in
2282 3293 2614 3355 ridiculum

466 3418 845 3498 detorquet,
912 3420 1025 3481 sed
1085 3421 1280 3482 etiam
1341 3420 1486 3481 Pac,
1548 3440 1642 3483 vs,
1724 3433 1923 3498 1177,
1997 3418 2106 3480 ubi
2150 3418 2383 3481 chorus
2428 3419 2611 3480 dicit:

465 3541 639 3620 „Odi
718 3542 894 3605 illum
942 3545 1318 3607 iactatorem
1365 3544 1836 3620 centurionem,
1897 3543 2007 3623 qui
2067 3544 2243 3605 domi
2304 3542 2612 3624 superbit,

468 3668 530 3729 in
567 3669 808 3750 proelio
847 3680 1066 3732 autem
1106 3672 1350 3752 primus
1387 3671 1679 3732 omnium
1724 3670 1886 3750 fugit

1265 3814 1456 3894 ὥσπερ
1501 3806 1705 3888 ξουθὸς
1749 3809 2202 3893 ἱππαλεκτρυὼν

822 3939 959 4008 τούς
1004 3936 1228 4019 λόφους
1271 3941 1457 3999 σείων.

532 4171 602 4237 (¹)
661 4174 788 4222 Cum
823 4189 980 4236 equus
1031 4188 1091 4221 ac
1126 4171 1288 4234 gallus
1321 4171 1570 4219 cervicem
1604 4171 1831 4219 habeant
1864 4170 2113 4220 subsimili
2148 4170 2301 4218 modo
2336 4181 2607 4222 curvatam.

469 4279 641 4311 eorum
679 4279 892 4327 corpora
926 4270 1044 4327 apte
1078 4279 1180 4311 una
1215 4263 1434 4326 imagine
1471 4263 1709 4324 coniungi
1744 4270 1953 4326 possunt
1988 4263 2060 4310 ita
2094 4268 2147 4310 ut
2183 4277 2361 4324 corpus
2396 4261 2459 4309 sit
2476 4263 2611 4326 equi,

463 4361 614 4417 caput
649 4371 706 4403 ac
741 4355 906 4403 cervix
941 4355 1086 4417 galli.
