3317 5134
1676 479 1758 544 54

652 677 837 757 primi
884 676 1118 738 acerbo
1163 686 1380 738 vestro
1425 675 1570 738 allio
1615 675 1806 738 deam
1852 676 2144 738 unxistis,

736 803 881 865 Pac,
927 823 1021 864 VS.
1050 805 1177 881 258
1216 803 1578 884 TrygaeuS‚
1623 823 1774 864 cum
1817 823 2040 864 servus
2080 801 2448 882 Kydoimos
2472 822 2510 863 a
2535 800 2799 862 domino

646 929 910 990 Polemo
958 928 1125 990 male
1170 929 1521 1005 mulcetur,
1574 937 1801 1010 rogat:

916 1053 1047 1134 μῶν
1093 1053 1211 1118 τῶν
1254 1056 1536 1140 σκορόδων
1585 1055 1876 1136 ἐνέβαλεν
1924 1053 1982 1125 ἐς
2030 1055 2132 1117 τὸν
2182 1054 2459 1117 κόνδυλον
2475 1077 2492 1130 3

739 1217 905 1280 Cum
952 1217 1111 1295 allii,
1175 1219 1350 1300 quod
1397 1240 1436 1280 a
1485 1218 1789 1299 gentibus
1837 1219 2207 1299 regionum,
2274 1239 2443 1299 quae
2490 1219 2572 1280 ad
2619 1219 2802 1280 meri-

649 1345 820 1405 diem
887 1354 1218 1426 spectant,
1286 1345 1472 1407 valde
1541 1354 1832 1420 amatur,
1919 1344 2105 1406 nobis
2172 1354 2394 1407 autem
2464 1345 2803 1407 Germanis

653 1491 860 1551 aeque
918 1480 1018 1533 est
1075 1471 1350 1534 invisum
1410 1491 1487 1533 ac
1548 1470 1823 1532 Horatio
1870 1479 2138 1551 poetae,
2189 1471 2317 1532 iam
2365 1471 2520 1534 satis
2566 1469 2804 1536 habea-

655 1615 830 1672 muS,
881 1605 1284 1658 transeamus
1329 1596 1412 1658 ad
1458 1595 1580 1658 alia
1624 1597 1917 1678 opsonia.

742 1744 914 1808 Ach.
976 1766 1069 1808 vs.
1117 1745 1246 1826 638
1310 1766 1349 1807 a
1410 1745 1608 1808 choro
1656 1747 1740 1808 ad
1786 1756 2184 1829 spectatores
2231 1748 2492 1810 dicitur:
2543 1747 2611 1811 Si
2658 1749 2806 1829 quis

654 1882 846 1937 antea
893 1871 1283 1952 ἰοστεφάνους
1328 1892 1446 1934 vos
1493 1872 1847 1954 appellaret
1868 1921 1882 1950 ,

656 1997 818 2069 εὐθύς
858 1997 957 2060 διοὶ
1004 1998 1141 2068 τούς
1185 1995 1527 2077 στεφάνους
1573 1997 1665 2061 ἐπ’
1715 2001 1907 2083 ἄκρων
1953 1998 2070 2060 τῶν
2115 2000 2400 2077 πυγιδίων
2426 1998 2726 2076 ἐκάθησθε.

655 2127 711 2188 εἰ
750 2126 817 2187 δέ
859 2149 949 2195 τις
997 2127 1162 2204 ὑμᾶς
1208 2123 1619 2195 ὑποθωπεύσας
1667 2124 1928 2210 λιπαράς
1974 2127 2283 2188 καλέσειεν
2327 2123 2631 2198 Ἀθήνας,

655 2251 861 2336 ηὕρετο
908 2255 1030 2314 πάν
1075 2250 1151 2312 οἳν
1196 2250 1296 2312 διοὶ
1345 2249 1462 2321 τοὶς
1509 2249 1805 2335 λιπαράς,
1854 2248 2071 2330 άφύων
2118 2251 2302 2331 τιμὴν
2348 2251 2674 2337 περιάψας.

746 2405 1005 2466 Festive
1044 2412 1238 2485 poeta
1276 2401 1540 2485 pulchra
1581 2401 1889 2484 epitheta,
1931 2422 2100 2483 quae
2124 2402 2224 2464 ·ab
2247 2404 2526 2484 antiquis
2550 2403 2807 2466 vatibus

659 2531 799 2594 urbi
870 2528 1367 2592 Atheniensium
1437 2537 1617 2590 erant
1687 2527 1872 2607 data,
1940 2525 2066 2589 hoc
2136 2527 2280 2591 loco
2350 2529 2411 2589 in
2474 2527 2805 2591 ridiculum

656 2659 1020 2736 detorquet,
1067 2656 1285 2717 iocans
1342 2655 1509 2715 enim
1548 2653 1881 2716 contendit
1920 2651 2252 2733 epitheton
2315 2651 2568 2714 nitidus
2605 2674 2809 2734 apuas

657 2782 864 2864 magis
930 2781 1154 2843 decere
1197 2800 1394 2860 quam
1443 2779 1705 2857 urbem3
1768 2788 2095 2855 attamen,
2146 2778 2381 2860 inquit,
2434 2778 2656 2860 pin'gui
2702 2776 2806 2838 illo

655 2908 972 2971 adiectivo
1010 2906 1227 2968 omnia
1265 2927 1302 2967 a
1343 2905 1528 2967 vobis
1552 2905 1879 2986 impetrari
1904 2913 2276 2987 potuerunt.
2319 2905 2433 2967 Vs.
2458 2903 2587 2984 638
2613 2914 2809 2985 poeta

656 3035 910 3097 solitam
957 3032 1385 3095 locutionem:
1437 3028 1527 3093 ἐπ’
1577 3034 1772 3115 ἄκρων
1811 3035 1930 3091 τῶν
1968 3031 2283 3092 δακτύλων
2322 3025 2615 3109 βαδίζειν,
2641 3049 2809 3109 quae

656 3163 828 3224 idem
889 3161 1015 3222 fere
1082 3159 1256 3222 valet
1315 3179 1390 3221 ac
1452 3167 1780 3220 nostrum:
1850 3177 1960 3218 een
2027 3155 2219 3237 hooge
2277 3152 2454 3216 horst
2506 3162 2807 3234 opzetten,

657 3289 900 3352 comice
948 3287 1223 3349 mutavit
1270 3286 1366 3347 in:
1419 3282 1508 3346 ἐπ’
1560 3285 1755 3368 α’κρων
1797 3287 1915 3345 τῶν
1962 3283 2247 3359 πυγιδίων
2290 3278 2598 3352 καθῆσθαι.

749 3516 855 3576 Fr.
902 3530 992 3593 49
1035 3510 1203 3575 hanc
1249 3510 1528 3592 lepidam
1577 3509 2130 3590 comparationem
2178 3509 2498 3570 continet:

929 3636 1329 3718 Ἀνέχασκον
1375 3635 1453 3706 εἷς
1501 3634 1754 3704 ἕκαστος
1803 3631 2249 3718 ἐμφερέστατα

925 3765 1300 3844 ὀπτωμέναις
1346 3765 1679 3841 κόγχαισιν
1734 3758 1831 3822 ἐπὶ
1876 3757 1994 3821 τῶν
2043 3755 2367 3843 ἀνθράκων.

661 3907 1124 3989 Unusquisque
1185 3893 1408 3965 hiabat
1467 3912 1805 3982 tamquam
1860 3907 2074 3961 ostrea
2120 3907 2375 3980 aperta,
2426 3919 2593 3980 quae
2638 3898 2813 3960 lenta

660 4054 865 4116 pruna
920 4039 1305 4113 coquuntur.

749 4222 1148 4285 Pithetaerus
1196 4220 1259 4280 in
1310 4217 1526 4279 fabula
1569 4217 1787 4278 avium
1836 4214 2199 4296 explicanS,
2247 4213 2544 4296 qualibus
2582 4213 2817 4275 iniuriis

667 4370 822 4413 aves
867 4347 953 4411 ab
999 4345 1368 4409 hominibus
1413 4342 1803 4422 afficiantur,
1843 4341 1881 4402 i.
1923 4360 1981 4402 a.
2020 4338 2181 4401 haec
2216 4338 2579 4402 contendit:
2621 4337 2815 4418 „Non
