3317 5134
1639 464 1725 526 60

711 652 949 714 Poetae
1003 653 1262 713 nomine
1316 671 1538 712 servus
1593 653 1795 732 Vesp.
1848 650 1930 711 62
1980 649 2351 731 profitetur:

882 777 1000 840 οὐδ’
1051 779 1105 839 εἰ
1144 756 1370 840 Κλέων
1415 774 1484 855 γ’
1526 778 1778 857 ἔλαμψε
1825 781 1932 853 τῆς
1980 779 2179 857 τύχης
2227 779 2411 865 χάριν

886 901 1048 972 αὖθις
1096 903 1199 964 τὸν
1247 901 1433 964 αὐτὸν
1479 904 1669 984 ἄνδρα
1718 907 2249 983 μυττωτεύσομεν.

623 1051 832 1112 neque
895 1031 1089 1092 etiam
1153 1031 1306 1112 quia
1373 1029 1573 1094 Cleon
1636 1030 1931 1092 fortunae
1977 1030 2193 1093 favore
2241 1030 2564 1108 inclaruit,
2615 1054 2768 1095 eun-

617 1157 767 1218 dem
818 1157 994 1218 illum
1042 1159 1252 1219 virum
1302 1153 1519 1220 den'uo
1578 1168 2002 1221 conteremus,
2065 1159 2431 1240 (Reliquam
2487 1160 2768 1222 fabulam

619 1284 784 1345 bene
853 1284 1091 1364 legenti
1156 1284 1404 1366 patebit
1471 1284 1632 1347 haec
1701 1287 1933 1348 ironice
1995 1288 2165 1350 dicta
2214 1289 2399 1371 esse.)
2450 1294 2771 1367 μυττωτός

617 1421 756 1473 erat
833 1431 1044 1492 genus
1116 1412 1378 1488 moreti,
1453 1413 1723 1475 mistura
1769 1411 1929 1491 allii,
1999 1415 2196 1490 casei,
2267 1425 2388 1476 cet.
2454 1415 2547 1478 Cf.
2598 1414 2767 1476 Ach.

621 1559 714 1599 vs.
778 1551 899 1616 174
968 1537 1092 1618 Eq.
1141 1557 1232 1598 vs.
1285 1551 1435 1616 771.
1484 1538 1612 1599 Pac
1678 1559 1771 1600 vs,
1824 1539 1951 1616 246
1995 1561 2277 1622 quoque,
2327 1541 2434 1602 ubi
2478 1541 2771 1602 Polemos

623 1664 930 1727 Graeciae
987 1664 1177 1725 urbes
1211 1665 1296 1724 'in
1358 1665 1621 1726 immani
1681 1667 1985 1727 mortario
2031 1676 2417 1730 contusurus
2455 1667 2773 1729 horrenda

621 1810 783 1851 voce
830 1789 1072 1851 fremit:
1222 1766 1230 1774 ⁸

812 1911 899 1974 τΩ
947 1911 1249 1999 Μέγαρα
1300 1911 1595 2000 Μέγαρ’,
1644 1917 1720 1985 ὡς
1766 1914 2197 2009 ἐπιτετρίψεσθ’
2246 1901 2470 1980 αὐτίκα

801 2040 1238 2120 ἁπαξάπαντα
1291 2044 2061 2122 καταμεμυττωτευμένα.

712 2244 855 2306 Pac.
898 2263 989 2304 vs,
1045 2259 1205 2322 1123
1249 2263 1469 2304 servus
1511 2242 1686 2305 hisce
1725 2244 1949 2325 lepidis
1988 2247 2199 2308 verbis
2245 2246 2527 2309 fallacem
2576 2253 2773 2328 atque

623 2390 892 2430 avarum
941 2368 1341 2431 sacerdotem
1397 2369 1801 2450 aggreditur:

1443 2499 1567 2572 ἐγὼ
1615 2496 1677 2556 δὲ
1724 2502 1958 2559 τουτονὶ
2004 2503 2121 2560 τῶν
2167 2501 2416 2576 κῳδίων,

1031 2621 1074 2680 ά
1125 2619 1432 2701 ’λάμβαν’
1483 2621 1671 2692 αὐτὸς
1721 2621 2053 2701 ἐξαπατῶν
2098 2625 2417 2706 ἐκβολβιῶ.

622 2747 819 2809 veluti
884 2767 1081 2828 cepae
1145 2757 1488 2828 putamen,
1568 2749 1767 2829 pelles
1844 2772 2007 2832 quas
2084 2774 2199 2833 per
2270 2753 2587 2815 fraudem'
2626 2757 2774 2816 arri-

622 2873 763 2953 puit
783 2921 797 2944 ,
849 2874 903 2933 ei
951 2870 1308 2934 detraham.

716 3074 866 3134 Non
950 3073 1358 3136 incommode
1444 3073 1542 3136 his
1627 3077 2026 3158 metaphoris
2114 3100 2199 3140 ex
2270 3090 2406 3143 arte
2474 3082 2776 3144 culinaria

627 3202 984 3282 desumptis
1031 3201 1230 3262 addas
1278 3200 1556 3283 lepidam
1620 3204 1969 3284 imaginem
2016 3227 2183 3285 quae
2228 3205 2460 3286 legitur
2505 3207 2629 3288 Eq.
2679 3229 2772 3268 vs,

627 3347 780 3411 920,
831 3330 938 3392 ubi
985 3328 1476 3390 insultabundus
1525 3329 1900 3407 botulariUS‚
1964 3331 2195 3411 opificii
2243 3353 2525 3405 memor,·
2553 3334 2776 3394 adver-

627 3458 865 3518 sarium
928 3455 1244 3516 furentem
1304 3465 1639 3535 comparat
1701 3475 1849 3517 cum
1912 3455 2122 3518 aheno
2169 3457 2544 3534 ebulliente,
2594 3461 2777 3539 quasi

629 3583 1002 3663 perterritus
1048 3582 1131 3644 sit
1176 3601 1414 3660 magna
1460 3601 1620 3642 voce
1667 3580 2069 3644 exclamans:

1163 3707 1308 3790 ἀνὴρ
1355 3703 1710 3787 παφλάζει,
1761 3710 1913 3769 παῦε
1952 3706 2095 3770 παῦ’

1159 3829 1485 3916 ὑπερζέων,
1535 3830 1869 3911 ὑφελκτέον

1072 4033 1078 4040 ⁸
1162 3955 1280 4019 τῶν
1323 3959 1571 4034 δᾳδίων,
1619 3955 1998 4043 ἀπαρυστέον

1161 4106 1221 4145 τι
1266 4081 1386 4146 τῶν
1432 4082 1692 4147 ἀπειλῶν
1737 4090 1977 4166 ταυτῃί.

630 4210 896 4272 Desine!
975 4209 1193 4270 desine
1276 4209 1718 4272 effervescere!
1800 4211 2040 4293 aliquid
2119 4211 2610 4274 subducendum
2697 4214 2777 4275 de

627 4337 848 4417 lignis,
897 4335 1415 4416 despumandum
1450 4336 1701 4418 -aliquid
1749 4338 2066 4398 minarum
2113 4336 2238 4400 hoc
2283 4337 2627 4400 cochleari!
