3317 5134
1746 476 1823 537 14

1343 666 1389 745 οἷ
1435 668 1500 730 δὲ
1547 675 1728 731 πῶλοι
1773 671 1883 731 ταὶ
1924 672 2091 754 κόραι

1339 793 1460 880 ποὶρ
1506 796 1609 858 τὸν
1655 793 1952 879 Εὐρώταν

1340 918 1738 1000 ἀμπάλλοντι
1785 920 1979 983 πυκνοὶ
2026 921 2218 982 ποδοῖν

1339 1045 1691 1125 ἀγκονίωαι.

763 1213 854 1276 Cf.
908 1214 1285 1276 Autocratis
1331 1212 1398 1273 fr.
1453 1229 1504 1274 1.

1580 1662 1931 1728 ASINI.

767 1879 839 1940 In
882 1878 1093 1960 lepido
1132 1877 1455 1958 episodi0‚
1494 1896 1626 1957 quo
1666 1885 1861 1957 poeta
1894 1875 2118 1937 festive
2142 1875 2409 1937 Homeri
2434 1874 2829 1956 Cyclopeam

678 2005 985 2081 imitatur,
1047 2024 1275 2080 senex,
1340 2003 1502 2065 alter
1562 1999 1756 2078 οὖτις,
1815 2003 1937 2064 sub
1991 2011 2215 2063 ventre
2274 2002 2431 2062 asini
2492 2001 2750 2063 latitans
2795 2018 2832 2058 e

678 2134 876 2195 domo
924 2131 1206 2213 effugere
1251 2132 1502 2208 studet,
1554 2140 1621 2193 at
1670 2130 1835 2192 filius
1883 2150 2032 2192 eum
2072 2129 2470 2210 conspiciens
2506 2126 2832 2190 exclamat

678 2259 879 2340 Vesp.
927 2279 1021 2320 vs,
1081 2275 1104 2320 1
1119 2259 1238 2321 88:

1517 2421 1661 2483 ὥστ’
1713 2422 1845 2499 ἔμοι
1889 2421 1959 2497 γ’
2010 2419 2364 2482 ἰνδάλλεται

1212 2549 1573 2627 ὁμοιότατος
1616 2549 1906 2630 κλητῆρος
1953 2543 2101 2607 εἶναι
2148 2549 2363 2623 πωλίῳ.

679 2708 874 2779 poeta
927 2697 1150 2760 festive
1209 2697 1372 2760 ludit
1422 2696 1743 2759 vocabulo
1811 2698 2069 2782 κλητήρ,
2140 2697 2317 2777 quod
2365 2716 2514 2758 cum
2561 2697 2827 2759 asellum

679 2836 823 2889 tum
871 2834 1106 2887 testem
1144 2822 1482 2905 significat.

767 2952 882 3014 Vs,
945 2950 1111 3030 1306
1157 2970 1381 3012 servus
1427 2959 1641 3012 narrat
1688 2948 1916 3011 herum
1963 2969 2154 3010 suum
2200 2951 2298 3012 sui
2341 2949 2830 3013 dissimillimum

681 3077 1031 3158 derepente
1091 3095 1231 3136 esse
1288 3076 1563 3151 factum3
1629 3095 1779 3136 nam
1843 3095 1992 3136 cum
2053 3075 2364 3138 hactenus
2422 3077 2710 3141 tristibus
2769 3084 2836 3138 et

681 3201 920 3264 severis
963 3208 1134 3262 esset
1175 3161 1462 3263 moribtis
1507 3199 1709 3261 homo
1755 3199 2154 3263 truculentus
2186 3211 2252 3263 et
2290 3222 2583 3264 morosus
2621 3224 2660 3265 a
2684 3204 2835 3266 iocis

685 3326 1140 3402 alienissimuS,
1191 3344 1360 3387 nunc
1406 3325 1570 3387 inter
1613 3324 1849 3406 pocula

1001 3498 1009 3505 ’
1089 3486 1359 3564 ἐνήλλετ’
1411 3485 1656 3572 ἐσκίρτα
1705 3488 1997 3573 ’πεπόρδει
2042 3489 2368 3566 κατεγέλα

1085 3616 1277 3699 ὥσπερ
1323 3614 1609 3697 καχρύων
1655 3611 1859 3675 ὀνίδιον
1904 3611 2316 3693 ηύωχημένον.

775 3776 963 3861 Quae
1024 3777 1425 3859 comparatio
1486 3776 1622 3837 sine
1677 3775 1877 3837 dubio
1946 3795 2220 3856 magnos
2267 3776 2611 3838 cachinnos
2656 3797 2838 3859 spec-

685 3914 974 3968 tatorum
1024 3904 1264 3984 movit,
1313 3922 1462 3965 cum
1523 3903 1597 3963 iis
1643 3902 1708 3962 in
1756 3911 1975 3964 mente
2019 3899 2310 3965 haereret
2354 3902 2688 3983 splendida
2733 3902 2837 3965 illa

683 4030 954 4093 Homeri
999 4030 1252 4110 imago:

951 4197 1028 4266 ὡς
1074 4192 1126 4257 δ’
1177 4196 1278 4258 ὅτε
1324 4217 1416 4265 τις
1462 4193 1694 4264 στατὸς
1742 4194 1911 4263 ἵππος
1974 4203 2096 4256 cet.
2146 4191 2242 4278 (11.
2292 4193 2404 4255 VI.
2460 4192 2632 4273 506).

772 4359 1014 4424 Callide
1063 4369 1258 4442 poeta
1279 4409 1294 4436 ‚
1358 4378 1507 4420 cum
1575 4376 1705 4418 non
1770 4356 2035 4418 heroem
2094 4356 2206 4417 sed
2268 4375 2487 4417 senem
2532 4355 2840 4418 rusticum
