3317 5134
1011 1555 2090 1660 PRAEFATIO.

565 2077 752 2140 ’Ἐστι
823 2077 888 2140 δὲ
948 2075 1273 2158 φαντασία
1341 2081 1373 2156 ἡ
1431 2079 1538 2141 ὑπὸ
1597 2083 1705 2156 τῆς
1753 2080 1895 2140 κατ’
1950 2077 2255 2164 ἐνέργειαν
2304 2076 2622 2156 αἰσθήσεως

473 2207 806 2286 γιγνομένη
851 2210 1087 2283 κίνησις.

565 2331 752 2394 ’Ἐστι
798 2332 862 2394 δὲ
907 2336 1014 2395 καὶ
1050 2335 1082 2410 ἡ
1131 2334 1296 2394 εἰκὼν
1343 2329 1702 2418 μεταφοραί.

1922 2447 2437 2509 ARISTOTELES,

558 2713 724 2776 Cum
793 2691 1193 2794 ¹percipimus
1277 2713 1516 2794 aliquid
1598 2713 1797 2775 oculis
1882 2713 2116 2776 nostris
2187 2712 2289 2774 vel
2361 2710 2621 2773 auribus

470 2838 680 2901 aliove
761 2859 987 2916 sensu,
1073 2860 1266 2920 saepe
1348 2839 1421 2902 fit
1506 2848 1576 2902 ut
1645 2840 1707 2900 in
1776 2860 1852 2900 ea
1926 2859 2027 2916 re,
2100 2858 2269 2921 quae
2336 2847 2621 2901 mentem

471 2976 757 3029 nostram
820 2966 991 3042 ferit,
1054 2967 1136 3028 sit
1193 2966 1464 3046 aliquid,
1514 2965 1693 3048 quod
1738 2966 1897 3027 alius
1943 2966 2030 3027 rei
2077 2984 2195 3026 nos
2238 2965 2617 3042 admoneat,

469 3093 557 3155 ita
625 3103 696 3156 ut
756 3091 922 3154 hanc
989 3113 1124 3154 rem
1196 3092 1412 3155 subito
1481 3092 1773 3155 sensibus
1840 3093 2036 3155 animi
2107 3093 2341 3168 nostri,
2415 3101 2487 3154 ut
2531 3092 2622 3154 ita

469 3217 678 3278 dicam
699 3267 713 3294 ,
762 3217 974 3279 videre
1019 3217 1120 3279 vel
1167 3218 1385 3280 audire
1427 3218 1528 3279 vel
1574 3227 1837 3299 gustare
1877 3219 2220 3281 videamur.
2264 3218 2384 3280 Vis
2427 3218 2620 3279 animi

468 3345 698 3420 nostri,
785 3363 912 3424 qua
986 3343 1111 3406 hoc
1179 3344 1384 3406 facere
1451 3364 1833 3426 possumuS,
1906 3345 2247 3407 vernacule
2313 3353 2616 3407 vocatur:

464 3467 902 3550 verbeeldz’ng,
969 3491 1137 3552 quae
1197 3491 1344 3532 cum
1405 3472 1519 3532 vix
1582 3471 1689 3533 ulli
1731 3470 2067 3533 hominum
2117 3473 2378 3533 omnino
2427 3471 2620 3533 dene-

467 3607 622 3678 gata
667 3599 783 3668 sit.
833 3598 1008 3680 apud
1055 3608 1285 3680 poetas
1333 3599 1618 3660 maxime
1662 3599 1857 3680 viget.

555 3723 810 3786 Eadem
871 3725 968 3786 vis
1026 3725 1220 3787 animi
1282 3724 1472 3788 efficit
1535 3735 1606 3788 ut
1652 3726 1902 3801 omnia,
1954 3744 2121 3806 quae
2165 3734 2361 3806 poeta
2406 3724 2614 3802 videt,

466 3849 763 3931 pulchr0,
832 3861 903 3914 ut
964 3852 1053 3913 ita
1097 3851 1342 3928 dicam,
1390 3851 1630 3913 lumine
1676 3851 1914 3914 suffusa
1961 3852 2017 3913 ei
2057 3851 2413 3913 videantur.
2466 3850 2617 3933 Quo

463 3981 606 4058 quis
655 3987 875 4040 autem
922 3977 1164 4039 maiore
1224 3977 1591 4040 huiusmodi
1636 3978 1700 4038 vi
1748 3988 1845 4041 est
1891 3978 2251 4060 praedituS,
2300 3997 2431 4059 quo
2477 3978 2617 4058 pul—

432 4103 710 4166 .chri0ra
771 4105 986 4166 omnia
1050 4124 1221 4186 quae
1282 4104 1482 4181 oculis
1535 4104 1944 4186 amplectitur
1991 4104 2046 4165 ei
2095 4124 2233 4166 esse
2278 4103 2612 4182 videntur,

461 4251 594 4312 quo
666 4231 879 4312 plures
947 4252 1046 4293 res
1106 4232 1168 4293 in
1231 4231 1366 4292 eius
1433 4231 1649 4292 animo
1711 4231 1976 4293 aliarum
2033 4251 2245 4293 rerum
2303 4232 2615 4312 imagines

461 4359 804 4434 suscitant,
872 4378 951 4419 eo
1011 4359 1220 4438 aptior
1284 4357 1446 4419 illius
1499 4357 1743 4419 indoles
1789 4367 1887 4421 est
1930 4359 2125 4438 poesi.
2178 4358 2414 4420 Divino
2458 4379 2613 4420 vero

2310 4489 2329 4525 1
