3317 5134
1593 460 1677 521 39

645 652 818 713 Tum
863 651 1100 714 chorus
1145 673 1372 735 aspere
1426 655 1745 738 minatur:

691 780 800 839 καὶ
838 780 910 840 σέ
951 777 1020 856 γ’
1066 778 1266 840 αὐτίκ’
1317 780 1663 860 ἐξολοῦμεν·
1712 777 1857 842 ἀλλ’
1908 781 2074 852 ἄπας
2119 781 2443 867 ἐπίστρεφε

691 905 856 988 δεῦρο
902 904 1194 988 κάξείρας
1239 903 1308 974 τ,ο“
1354 905 1593 990 κέντρον
1639 904 1748 968 εἶτ’
1795 903 1887 968 ἐπ’
1936 905 2121 969 αὑτὸν
2166 908 2316 990 ἵεσο,

690 1031 1054 1108 ξυσταλείς,
1105 1032 1433 1102 εὔτακτος,
1483 1029 1667 1115 ὀργῆς
1710 1021 1817 1093 καὶ
1864 1033 2075 1111 μένους
2125 1031 2543 1112 ἐμπλημένος,

690 1159 766 1226 ὡς
812 1155 890 1218 οἳν
936 1153 1002 1218 εὖ
1046 1157 1168 1234 εἰδῇ
1215 1155 1285 1218 τὸ
1333 1156 1530 1219 λοιπὸν
1575 1161 1799 1236 σμῆνος
1823 1155 1921 1244 (¹)
1967 1157 2081 1221 οἷον
2125 1164 2394 1244 ὤργισεν.

645 1294 1080 1358 Heliastarum
1126 1315 1428 1376 asperum
1474 1315 1753 1357 examen
1811 1295 1913 1358 hic
1958 1296 2310 1380 relinquere
2355 1319 2702 1380 possumus

554 1431 619 1482 et
665 1423 933 1483 transire
979 1423 1062 1484 ad
1108 1421 1264 1483 alias
1309 1421 1588 1504 sabulaS,
1634 1424 1698 1484 in
1743 1424 1979 1505 quibus
2018 1426 2530 1507 comparationes
2553 1445 2701 1488 cum

554 1568 897 1629 vesparum
941 1568 1179 1629 genere
1224 1549 1656 1613 inveniuntur.

643 1723 814 1786 Ach.
862 1746 959 1788 vs·
1009 1724 1139 1803 864
1177 1725 1584 1808 Dicaeopolis
1625 1726 1830 1788 malos
1871 1727 2179 1800 tibicines,
2221 1729 2333 1809 qui
2369 1727 2700 1793 horrisono

552 1863 747 1914 cantu
793 1853 930 1913 eius
977 1851 1168 1913 bilem
1217 1862 1518 1930 movent,
1564 1852 1664 1915 his
1711 1854 1923 1916 verbis
1971 1855 2188 1936 fugat:

687 1985 839 2050 παῦ’
891 1987 949 2058 ἐς
994 1991 1276 2074 κόρακας,
1316 1991 1371 2050 οἱ
1412 1986 1641 2068 σφῆκες
1691 1989 1795 2053 οὐκ
1841 1987 1960 2054 ἀπὸ
2008 1996 2127 2053 τῶν
2175 1989 2391 2076 θυρῶν;
2441 2002 2564 2054 cet.

641 2128 712 2188 In
759 2128 1108 2190 certamine
1155 2128 1304 2189 iusti
1349 2147 1425 2189 ac
1471 2129 1685 2190 iniusti
1732 2130 2005 2191 oratoris
2049 2129 2112 2190 in
2160 2129 2375 2191 fabula
2411 2128 2701 2191 Nubium

549 2253 686 2330 hie,
765 2252 962 2316 choro
1041 2263 1313 2334 rogante
1395 2263 1536 2317 uter
1614 2255 1787 2335 prior
1852 2255 2139 2317 dicturus
2223 2255 2337 2331 sit,
2406 2275 2501 2319 vs,
2569 2269 2703 2335 940

548 2381 934 2460 respondet:

907 2519 1100 2595 τούτῳ
1146 2518 1331 2579 δώσω·
1378 2513 1522 2594 κᾷτ’
1575 2515 1640 2579 ἐκ
1686 2519 1913 2580 τούτων

907 2644 984 2706 ὧν
1030 2643 1107 2705 οἳν
1153 2645 1304 2723 λέξῃ

903 2773 1280 2855 ῥηματίοισιν
1325 2777 1537 2840 καινοῖς
1586 2771 1772 2832 αὐτὸν

913 2899 1020 2958 καὶ
1062 2897 1344 2966 διανοίαις
1389 2897 1847 2976 κατατοξεύσω.

910 3022 979 3084 τὸ
1026 3028 1380 3085 τελευταῖον
1425 3023 1477 3084 δ’
1527 3021 1594 3098 ἣν
1639 3019 1996 3108 ἀναγρύξῃ,

906 3149 975 3212 τὸ
1023 3153 1322 3235 πρόσωπον
1365 3150 1533 3212 ἅπαν
1577 3153 1683 3212 καὶ
1726 3147 2086 3232 τώφθαλμὼ

904 3280 1296 3356 κεντούμενος
1321 3280 1533 3362 ,ὥσπερ
1581 3277 1678 3338 ὑπ’
1728 3274 2020 3362 ἀνθρηνῶν

907 3403 1017 3466 ὑπὸ
1063 3409 1183 3465 τῶν
1230 3408 1494 3482 γνωμῶν
1539 3400 1879 3466 ἀπολεῖται.

639 3527 875 3590 Nonne
936 3531 1114 3612 pravi
1180 3531 1451 3592 oratoris
1499 3529 1861 3610 malignitas
1906 3532 2142 3595 eximie
2189 3532 2364 3596 hisce
2411 3536 2703 3597 versibus

546 3655 970 3736 exprimitur?
1016 3654 1355 3717 Probabile
1403 3664 1501 3718 est
1544 3664 1779 3736 poetae
1824 3654 1944 3718 hos
1989 3679 2213 3721 versus
2251 3662 2549 3724 scribenti
2574 3662 2702 3723 iam

545 3782 876 3863 sequentis
921 3783 1072 3844 anni
1115 3781 1424 3843 dramatis
1469 3791 1926 3862 argumentum
1974 3784 2395 3850 obversatum
2441 3790 2653 3852 fuisse.

640 3994 1150 4076 Aristophanem
1219 4015 1438 4057 senem
1503 4015 1848 4076 vesparum
1910 4018 2171 4062 suarum
2235 4021 2365 4063 non
2426 4001 2701 4065 oblitum

615 4245 687 4311 (¹)
725 4246 798 4294 Cf.
837 4246 1034 4295 Cratini
1067 4246 1125 4295 fr.
1160 4258 1216 4293 2:

1147 4336 1233 4386 οἷον
1267 4347 1482 4402 σοφιστῶν
1516 4345 1682 4402 σμῆνος
1720 4341 2036 4406 ἀνεδιφήσατε.
