<?xml version="1.0" encoding="UTF-8"?>
<!DOCTYPE html PUBLIC "-//W3C//DTD XHTML 1.0 Transitional//EN"
    "http://www.w3.org/TR/xhtml1/DTD/xhtml1-transitional.dtd">
<html xmlns="http://www.w3.org/1999/xhtml" xml:lang="en" lang="en">
 <head>
  <title>
</title>
<meta http-equiv="Content-Type" content="text/html;charset=utf-8" />
  <meta name='ocr-system' content='tesseract 3.04.00' />
  <meta name='ocr-capabilities' content='ocr_page ocr_carea ocr_par ocr_line ocrx_word'/>
</head>
<body>
  <div class='ocr_page' id='page_1' title='image "./metaphoraearist00noorgoog/metaphoraearist00noorgoog_0044.png"; bbox 0 0 3317 5134; ppageno 0'>
   <div class='ocr_carea' id='block_1_1' title="bbox 761 480 2820 752">
    <p class='ocr_par' dir='ltr' id='par_1_1' title="bbox 761 480 2820 752">
     <span class='ocr_line' id='line_1_1' title="bbox 1695 480 1773 544; baseline 0 -18"><span class='ocrx_word' id='word_1_1' title='bbox 1695 480 1773 544; x_wconf 83' lang='lat'>32</span> 
     </span>
     <span class='ocr_line' id='line_1_2' title="bbox 761 670 2820 752; baseline -0.003 -13"><span class='ocrx_word' id='word_1_2' title='bbox 761 677 1054 740; x_wconf 83' lang='lat' dir='ltr'>Eandem</span> <span class='ocrx_word' id='word_1_3' title='bbox 1082 677 1170 738; x_wconf 95' lang='lat' dir='ltr'>ob</span> <span class='ocrx_word' id='word_1_4' title='bbox 1195 696 1458 738; x_wconf 92' lang='lat' dir='ltr'>causam</span> <span class='ocrx_word' id='word_1_5' title='bbox 1483 676 1701 737; x_wconf 91' lang='lat' dir='ltr'>avium</span> <span class='ocrx_word' id='word_1_6' title='bbox 1728 675 1881 736; x_wconf 90' lang='lat' dir='ltr'>urbs</span> <span class='ocrx_word' id='word_1_7' title='bbox 1906 684 2209 737; x_wconf 87' lang='lat' dir='ltr'>vocatur:</span> <span class='ocrx_word' id='word_1_8' title='bbox 2235 670 2820 752; x_wconf 76' lang='grc' dir='ltr'><em>Νεφελοκοκκυγία.</em></span> 
     </span>
    </p>
   </div>
   <div class='ocr_carea' id='block_1_2' title="bbox 665 861 2819 2350">
    <p class='ocr_par' dir='ltr' id='par_1_2' title="bbox 667 861 2819 1450">
     <span class='ocr_line' id='line_1_3' title="bbox 755 861 2812 946; baseline -0.004 -17"><span class='ocrx_word' id='word_1_9' title='bbox 755 865 921 929; x_wconf 90' lang='lat' dir='ltr'>Cum</span> <span class='ocrx_word' id='word_1_10' title='bbox 967 866 1029 926; x_wconf 89' lang='lat' dir='ltr'>in</span> <span class='ocrx_word' id='word_1_11' title='bbox 1078 865 1292 927; x_wconf 83' lang='lat' dir='ltr'>fabula</span> <span class='ocrx_word' id='word_1_12' title='bbox 1337 865 1741 946; x_wconf 90' lang='lat' dir='ltr'>Lysistratae</span> <span class='ocrx_word' id='word_1_13' title='bbox 1791 863 2086 925; x_wconf 89' lang='lat' dir='ltr'>mulieres</span> <span class='ocrx_word' id='word_1_14' title='bbox 2128 863 2189 924; x_wconf 89' lang='lat' dir='ltr'>in</span> <span class='ocrx_word' id='word_1_15' title='bbox 2221 861 2534 943; x_wconf 86' lang='lat' dir='ltr'>Acropoli</span> <span class='ocrx_word' id='word_1_16' title='bbox 2558 861 2812 922; x_wconf 89' lang='lat' dir='ltr'>obside-</span> 
     </span>
     <span class='ocr_line' id='line_1_4' title="bbox 669 988 2819 1070; baseline -0.003 -16"><span class='ocrx_word' id='word_1_17' title='bbox 669 1005 891 1070; x_wconf 84' lang='lat' dir='ltr'><strong>antur,</strong></span> <span class='ocrx_word' id='word_1_18' title='bbox 958 1013 1085 1053; x_wconf 93' lang='lat' dir='ltr'>una</span> <span class='ocrx_word' id='word_1_19' title='bbox 1131 1012 1208 1052; x_wconf 90' lang='lat' dir='ltr'>ac</span> <span class='ocrx_word' id='word_1_20' title='bbox 1251 990 1451 1052; x_wconf 91' lang='lat' dir='ltr'>altera</span> <span class='ocrx_word' id='word_1_21' title='bbox 1497 991 1559 1052; x_wconf 92' lang='lat' dir='ltr'>in</span> <span class='ocrx_word' id='word_1_22' title='bbox 1609 991 1834 1052; x_wconf 90' lang='lat' dir='ltr'>urbem</span> <span class='ocrx_word' id='word_1_23' title='bbox 1882 990 2187 1070; x_wconf 83' lang='lat' dir='ltr'>aufugere</span> <span class='ocrx_word' id='word_1_24' title='bbox 2233 998 2518 1050; x_wconf 89' lang='lat' dir='ltr'>conatur.</span> <span class='ocrx_word' id='word_1_25' title='bbox 2572 988 2819 1049; x_wconf 89' lang='lat' dir='ltr'>Astuta</span> 
     </span>
     <span class='ocr_line' id='line_1_5' title="bbox 671 1115 2818 1200; baseline -0.003 -19"><span class='ocrx_word' id='word_1_26' title='bbox 671 1120 992 1200; x_wconf 82' lang='lat' dir='ltr'>quaedam</span> <span class='ocrx_word' id='word_1_27' title='bbox 1055 1139 1123 1180; x_wconf 89' lang='lat' dir='ltr'>se</span> <span class='ocrx_word' id='word_1_28' title='bbox 1183 1119 1495 1200; x_wconf 78' lang='lat' dir='ltr'>parturIre</span> <span class='ocrx_word' id='word_1_29' title='bbox 1555 1116 1812 1179; x_wconf 87' lang='lat' dir='ltr'>simulat</span> <span class='ocrx_word' id='word_1_30' title='bbox 1868 1116 2141 1197; x_wconf 88' lang='lat' dir='ltr'>ideoque</span> <span class='ocrx_word' id='word_1_31' title='bbox 2187 1115 2440 1197; x_wconf 86' lang='lat' dir='ltr'>galeam</span> <span class='ocrx_word' id='word_1_32' title='bbox 2490 1115 2818 1176; x_wconf 90' lang='lat' dir='ltr'>Minervae</span> 
     </span>
     <span class='ocr_line' id='line_1_6' title="bbox 667 1241 2815 1324; baseline -0.002 -18"><span class='ocrx_word' id='word_1_33' title='bbox 667 1245 790 1306; x_wconf 91' lang='lat' dir='ltr'>sub</span> <span class='ocrx_word' id='word_1_34' title='bbox 839 1255 1020 1306; x_wconf 89' lang='lat' dir='ltr'>veste</span> <span class='ocrx_word' id='word_1_35' title='bbox 1064 1244 1367 1324; x_wconf 84' lang='lat' dir='ltr'>occultat,</span> <span class='ocrx_word' id='word_1_36' title='bbox 1397 1253 1468 1305; x_wconf 89' lang='lat' dir='ltr'>ut</span> <span class='ocrx_word' id='word_1_37' title='bbox 1491 1242 1757 1324; x_wconf 86' lang='lat' dir='ltr'>gravida</span> <span class='ocrx_word' id='word_1_38' title='bbox 1783 1263 1923 1304; x_wconf 91' lang='lat' dir='ltr'>esse</span> <span class='ocrx_word' id='word_1_39' title='bbox 1947 1243 2255 1304; x_wconf 90' lang='lat' dir='ltr'>videatur.</span> <span class='ocrx_word' id='word_1_40' title='bbox 2309 1241 2573 1304; x_wconf 85' lang='lat' dir='ltr'>Casside</span> <span class='ocrx_word' id='word_1_41' title='bbox 2596 1251 2815 1302; x_wconf 91' lang='lat' dir='ltr'>autem</span> 
     </span>
     <span class='ocr_line' id='line_1_7' title="bbox 668 1369 1794 1450; baseline -0.002 -18"><span class='ocrx_word' id='word_1_42' title='bbox 668 1371 924 1433; x_wconf 87' lang='lat' dir='ltr'>detecta</span> <span class='ocrx_word' id='word_1_43' title='bbox 944 1420 959 1447; x_wconf 86' lang='lat'><em>‚</em></span> <span class='ocrx_word' id='word_1_44' title='bbox 1010 1370 1155 1432; x_wconf 91' lang='lat' dir='ltr'>duci</span> <span class='ocrx_word' id='word_1_45' title='bbox 1200 1390 1461 1432; x_wconf 89' lang='lat' dir='ltr'>severae</span> <span class='ocrx_word' id='word_1_46' title='bbox 1507 1369 1794 1450; x_wconf 85' lang='lat' dir='ltr'>roganti:</span> 
     </span>
    </p>

    <p class='ocr_par' dir='ltr' id='par_1_3' title="bbox 669 1496 2438 2088">
     <span class='ocr_line' id='line_1_8' title="bbox 933 1496 1721 1575; baseline -0.003 -17"><span class='ocrx_word' id='word_1_47' title='bbox 933 1501 998 1558; x_wconf 82' lang='grc' dir='ltr'>τί</span> <span class='ocrx_word' id='word_1_48' title='bbox 1039 1498 1196 1573; x_wconf 77' lang='grc' dir='ltr'><em>δῆτα</em></span> <span class='ocrx_word' id='word_1_49' title='bbox 1242 1498 1476 1572; x_wconf 73' lang='grc' dir='ltr'><em>ταύτην</em></span> <span class='ocrx_word' id='word_1_50' title='bbox 1522 1496 1721 1575; x_wconf 80' lang='grc' dir='ltr'><em>εἶχες;</em></span> 
     </span>
     <span class='ocr_line' id='line_1_9' title="bbox 669 1624 1572 1704; baseline -0.002 -19"><span class='ocrx_word' id='word_1_51' title='bbox 669 1624 825 1685; x_wconf 87' lang='lat' dir='ltr'>scite</span> <span class='ocrx_word' id='word_1_52' title='bbox 873 1624 1218 1704; x_wconf 89' lang='lat' dir='ltr'>respondet</span> <span class='ocrx_word' id='word_1_53' title='bbox 1263 1643 1354 1684; x_wconf 80' lang='lat' dir='ltr'>vs,</span> <span class='ocrx_word' id='word_1_54' title='bbox 1409 1625 1572 1702; x_wconf 82' lang='lat'>758:</span> 
     </span>
     <span class='ocr_line' id='line_1_10' title="bbox 1719 1747 2438 1828; baseline 0 -20"><span class='ocrx_word' id='word_1_55' title='bbox 1719 1749 1814 1810; x_wconf 73' lang='grc' dir='ltr'>ἵνα</span> <span class='ocrx_word' id='word_1_56' title='bbox 1864 1747 1935 1827; x_wconf 89' lang='grc' dir='ltr'>μ’</span> <span class='ocrx_word' id='word_1_57' title='bbox 1986 1749 2041 1810; x_wconf 82' lang='grc' dir='ltr'>εἰ</span> <span class='ocrx_word' id='word_1_58' title='bbox 2080 1747 2438 1828; x_wconf 72' lang='grc' dir='ltr'><em>καταλάβοι</em></span> 
     </span>
     <span class='ocr_line' id='line_1_11' title="bbox 935 1873 2438 1956; baseline -0.001 -18"><span class='ocrx_word' id='word_1_59' title='bbox 935 1879 966 1938; x_wconf 79' lang='grc' dir='ltr'><em>ὁ</em></span> <span class='ocrx_word' id='word_1_60' title='bbox 1011 1878 1179 1947; x_wconf 83' lang='grc' dir='ltr'><em>τόκος</em></span> <span class='ocrx_word' id='word_1_61' title='bbox 1227 1875 1316 1938; x_wconf 83' lang='grc' dir='ltr'>ἔτ’</span> <span class='ocrx_word' id='word_1_62' title='bbox 1371 1875 1430 1937; x_wconf 87' lang='grc' dir='ltr'>ἐν</span> <span class='ocrx_word' id='word_1_63' title='bbox 1472 1881 1672 1948; x_wconf 86' lang='grc' dir='ltr'><em>πόλει,</em></span> <span class='ocrx_word' id='word_1_64' title='bbox 1723 1877 1953 1956; x_wconf 79' lang='grc' dir='ltr'><em>τέκοιμ’</em></span> <span class='ocrx_word' id='word_1_65' title='bbox 2004 1878 2064 1947; x_wconf 76' lang='grc' dir='ltr'>ἐς</span> <span class='ocrx_word' id='word_1_66' title='bbox 2110 1877 2219 1952; x_wconf 70' lang='grc' dir='ltr'>τὴν</span> <span class='ocrx_word' id='word_1_67' title='bbox 2264 1873 2438 1951; x_wconf 71' lang='grc' dir='ltr'><em>κυνῆν</em></span> 
     </span>
     <span class='ocr_line' id='line_1_12' title="bbox 935 2002 2230 2088; baseline 0 -24"><span class='ocrx_word' id='word_1_68' title='bbox 935 2002 1178 2085; x_wconf 77' lang='grc' dir='ltr'><em>ε’σβόἑσα</em></span> <span class='ocrx_word' id='word_1_69' title='bbox 1223 2007 1476 2080; x_wconf 72' lang='grc' dir='ltr'><em>ταύτην,</em></span> <span class='ocrx_word' id='word_1_70' title='bbox 1524 2008 1715 2088; x_wconf 80' lang='grc' dir='ltr'><em>ὥσπερ</em></span> <span class='ocrx_word' id='word_1_71' title='bbox 1764 2006 1833 2064; x_wconf 74' lang='grc' dir='ltr'>αἱ</span> <span class='ocrx_word' id='word_1_72' title='bbox 1875 2007 2230 2088; x_wconf 89' lang='grc' dir='ltr'><em>περιστεραί.</em></span> 
     </span>
    </p>

    <p class='ocr_par' dir='ltr' id='par_1_4' title="bbox 753 2141 2816 2223">
     <span class='ocr_line' id='line_1_13' title="bbox 753 2141 2816 2223; baseline -0.001 -18"><span class='ocrx_word' id='word_1_73' title='bbox 753 2144 883 2214; x_wconf 91' lang='lat' dir='ltr'>Ut,</span> <span class='ocrx_word' id='word_1_74' title='bbox 926 2144 977 2203; x_wconf 87' lang='lat' dir='ltr'>si</span> <span class='ocrx_word' id='word_1_75' title='bbox 1025 2163 1130 2204; x_wconf 92' lang='lat' dir='ltr'>me</span> <span class='ocrx_word' id='word_1_76' title='bbox 1175 2153 1553 2223; x_wconf 85' lang='lat' dir='ltr'>occupasset</span> <span class='ocrx_word' id='word_1_77' title='bbox 1601 2151 1825 2222; x_wconf 91' lang='lat' dir='ltr'>partus</span> <span class='ocrx_word' id='word_1_78' title='bbox 1871 2141 2083 2203; x_wconf 91' lang='lat' dir='ltr'>adhuc</span> <span class='ocrx_word' id='word_1_79' title='bbox 2128 2143 2190 2202; x_wconf 90' lang='lat' dir='ltr'>in</span> <span class='ocrx_word' id='word_1_80' title='bbox 2241 2161 2386 2203; x_wconf 89' lang='lat' dir='ltr'>arce</span> <span class='ocrx_word' id='word_1_81' title='bbox 2431 2150 2816 2212; x_wconf 88' lang='lat' dir='ltr'>versantem,</span> 
     </span>
    </p>

    <p class='ocr_par' dir='ltr' id='par_1_5' title="bbox 665 2267 2577 2350">
     <span class='ocr_line' id='line_1_14' title="bbox 665 2267 2577 2350; baseline -0.001 -20"><span class='ocrx_word' id='word_1_82' title='bbox 665 2289 955 2350; x_wconf 85' lang='lat' dir='ltr'>parerem</span> <span class='ocrx_word' id='word_1_83' title='bbox 1003 2270 1064 2329; x_wconf 93' lang='lat' dir='ltr'>in</span> <span class='ocrx_word' id='word_1_84' title='bbox 1109 2269 1362 2350; x_wconf 84' lang='lat' dir='ltr'>galeam</span> <span class='ocrx_word' id='word_1_85' title='bbox 1411 2269 1581 2330; x_wconf 90' lang='lat' dir='ltr'>illam</span> <span class='ocrx_word' id='word_1_86' title='bbox 1629 2270 1947 2348; x_wconf 84' lang='lat' dir='ltr'>ingressa,</span> <span class='ocrx_word' id='word_1_87' title='bbox 1998 2269 2162 2330; x_wconf 86' lang='lat' dir='ltr'>sicut</span> <span class='ocrx_word' id='word_1_88' title='bbox 2219 2267 2577 2329; x_wconf 88' lang='lat' dir='ltr'>columbae.</span> 
     </span>
    </p>
   </div>
   <div class='ocr_carea' id='block_1_3' title="bbox 665 2393 2346 2475">
    <p class='ocr_par' dir='ltr' id='par_1_6' title="bbox 665 2393 2346 2475">
     <span class='ocr_line' id='line_1_15' title="bbox 665 2393 2346 2475; baseline -0.001 -19"><span class='ocrx_word' id='word_1_89' title='bbox 665 2398 755 2456; x_wconf 80' lang='grc' dir='ltr'>ὅτι</span> <span class='ocrx_word' id='word_1_90' title='bbox 805 2393 863 2456; x_wconf 83' lang='grc' dir='ltr'>ἐν</span> <span class='ocrx_word' id='word_1_91' title='bbox 910 2397 1242 2475; x_wconf 83' lang='grc' dir='ltr'><em>κοιλώμασι</em></span> <span class='ocrx_word' id='word_1_92' title='bbox 1288 2399 1620 2468; x_wconf 74' lang='grc' dir='ltr'><em>τίκτουσιν,</em></span> <span class='ocrx_word' id='word_1_93' title='bbox 1670 2393 2012 2458; x_wconf 86' lang='lat' dir='ltr'>scholiasta</span> <span class='ocrx_word' id='word_1_94' title='bbox 2058 2403 2346 2456; x_wconf 85' lang='lat' dir='ltr'>annotat.</span> 
     </span>
    </p>
   </div>
   <div class='ocr_carea' id='block_1_4' title="bbox 661 2582 2815 4096">
    <p class='ocr_par' dir='ltr' id='par_1_7' title="bbox 664 2582 2815 2913">
     <span class='ocr_line' id='line_1_16' title="bbox 754 2582 2812 2665; baseline -0.002 -18"><span class='ocrx_word' id='word_1_95' title='bbox 754 2587 917 2648; x_wconf 87' lang='lat' dir='ltr'>Plut.</span> <span class='ocrx_word' id='word_1_96' title='bbox 966 2607 1058 2649; x_wconf 82' lang='lat' dir='ltr'>vs,</span> <span class='ocrx_word' id='word_1_97' title='bbox 1095 2602 1261 2649; x_wconf 91' lang='lat'><em>1010</em></span> <span class='ocrx_word' id='word_1_98' title='bbox 1299 2606 1460 2646; x_wconf 92' lang='lat' dir='ltr'>anus</span> <span class='ocrx_word' id='word_1_99' title='bbox 1499 2584 1584 2646; x_wconf 92' lang='lat' dir='ltr'>ab</span> <span class='ocrx_word' id='word_1_100' title='bbox 1623 2594 1914 2646; x_wconf 85' lang='lat' dir='ltr'>amatore</span> <span class='ocrx_word' id='word_1_101' title='bbox 1953 2584 2204 2646; x_wconf 88' lang='lat' dir='ltr'>deserta</span> <span class='ocrx_word' id='word_1_102' title='bbox 2241 2585 2558 2665; x_wconf 89' lang='lat' dir='ltr'>queritur:</span> <span class='ocrx_word' id='word_1_103' title='bbox 2602 2582 2812 2661; x_wconf 80' lang='lat' dir='ltr'>„Cum</span> 
     </span>
     <span class='ocr_line' id='line_1_17' title="bbox 664 2709 2815 2792; baseline -0.001 -19"><span class='ocrx_word' id='word_1_104' title='bbox 664 2711 874 2773; x_wconf 91' lang='lat' dir='ltr'>adhuc</span> <span class='ocrx_word' id='word_1_105' title='bbox 922 2731 1172 2792; x_wconf 87' lang='lat' dir='ltr'>pauper</span> <span class='ocrx_word' id='word_1_106' title='bbox 1207 2721 1393 2788; x_wconf 90' lang='lat' dir='ltr'>esset,</span> <span class='ocrx_word' id='word_1_107' title='bbox 1437 2709 1588 2772; x_wconf 89' lang='lat' dir='ltr'>mihi</span> <span class='ocrx_word' id='word_1_108' title='bbox 1627 2709 1731 2772; x_wconf 91' lang='lat' dir='ltr'>hic</span> <span class='ocrx_word' id='word_1_109' title='bbox 1768 2711 2011 2772; x_wconf 90' lang='lat' dir='ltr'>iuvenis</span> <span class='ocrx_word' id='word_1_110' title='bbox 2044 2711 2343 2773; x_wconf 92' lang='lat' dir='ltr'>omnibus</span> <span class='ocrx_word' id='word_1_111' title='bbox 2368 2711 2573 2772; x_wconf 85' lang='lat' dir='ltr'>modis</span> <span class='ocrx_word' id='word_1_112' title='bbox 2597 2710 2815 2771; x_wconf 91' lang='lat' dir='ltr'>adula-</span> 
     </span>
     <span class='ocr_line' id='line_1_18' title="bbox 670 2837 895 2913; baseline 0.009 -16"><span class='ocrx_word' id='word_1_113' title='bbox 670 2837 895 2913; x_wconf 90' lang='lat' dir='ltr'>batur,</span> 
     </span>
    </p>

    <p class='ocr_par' dir='ltr' id='par_1_8' title="bbox 1015 2929 2439 3164">
     <span class='ocr_line' id='line_1_19' title="bbox 1015 2929 2327 3031; baseline 0 -19"><span class='ocrx_word' id='word_1_114' title='bbox 1015 2953 1124 3013; x_wconf 72' lang='grc' dir='ltr'>καὶ</span> <span class='ocrx_word' id='word_1_115' title='bbox 1165 2929 1231 3029; x_wconf 73' lang='grc' dir='ltr'>νὴ</span> <span class='ocrx_word' id='word_1_116' title='bbox 1273 2949 1381 3012; x_wconf 83' lang='grc' dir='ltr'>Δί’</span> <span class='ocrx_word' id='word_1_117' title='bbox 1430 2952 1485 3012; x_wconf 81' lang='grc' dir='ltr'>εἰ</span> <span class='ocrx_word' id='word_1_118' title='bbox 1524 2954 1897 3030; x_wconf 73' lang='grc' dir='ltr'><em>λυπουμένην</em></span> <span class='ocrx_word' id='word_1_119' title='bbox 1944 2950 2203 3014; x_wconf 77' lang='grc' dir='ltr'><em>αἴσθοιτό</em></span> <span class='ocrx_word' id='word_1_120' title='bbox 2245 2974 2327 3031; x_wconf 91' lang='grc' dir='ltr'>με</span> 
     </span>
     <span class='ocr_line' id='line_1_20' title="bbox 1019 3075 2439 3164; baseline 0.001 -26"><span class='ocrx_word' id='word_1_121' title='bbox 1019 3077 1332 3161; x_wconf 68' lang='grc' dir='ltr'><em>νηττάριον</em></span> <span class='ocrx_word' id='word_1_122' title='bbox 1378 3076 1455 3139; x_wconf 76' lang='grc' dir='ltr'>ὀὲν</span> <span class='ocrx_word' id='word_1_123' title='bbox 1497 3079 1604 3139; x_wconf 77' lang='grc' dir='ltr'>καὶ</span> <span class='ocrx_word' id='word_1_124' title='bbox 1651 3075 1996 3163; x_wconf 69' lang='grc' dir='ltr'>βοὶτιον(ῑ)</span> <span class='ocrx_word' id='word_1_125' title='bbox 2046 3076 2439 3164; x_wconf 76' lang='grc' dir='ltr'><em>ὑπεκορίζετο.</em></span> 
     </span>
    </p>

    <p class='ocr_par' dir='ltr' id='par_1_9' title="bbox 667 3241 2812 3564">
     <span class='ocr_line' id='line_1_21' title="bbox 753 3241 2812 3324; baseline -0.001 -18"><span class='ocrx_word' id='word_1_126' title='bbox 753 3243 914 3307; x_wconf 92' lang='lat' dir='ltr'>Cum</span> <span class='ocrx_word' id='word_1_127' title='bbox 978 3241 1150 3304; x_wconf 87' lang='lat' dir='ltr'>Ach.</span> <span class='ocrx_word' id='word_1_128' title='bbox 1212 3263 1304 3305; x_wconf 80' lang='lat' dir='ltr'>vs,</span> <span class='ocrx_word' id='word_1_129' title='bbox 1357 3242 1443 3306; x_wconf 92' lang='lat'>60</span> <span class='ocrx_word' id='word_1_130' title='bbox 1499 3241 1696 3323; x_wconf 85' lang='lat' dir='ltr'>legati</span> <span class='ocrx_word' id='word_1_131' title='bbox 1759 3253 2151 3304; x_wconf 85' lang='lat' dir='ltr'>revertentes</span> <span class='ocrx_word' id='word_1_132' title='bbox 2204 3265 2242 3304; x_wconf 89' lang='lat' dir='ltr'>a</span> <span class='ocrx_word' id='word_1_133' title='bbox 2289 3263 2440 3324; x_wconf 84' lang='lat' dir='ltr'>rege</span> <span class='ocrx_word' id='word_1_134' title='bbox 2479 3244 2812 3304; x_wconf 91' lang='lat' dir='ltr'>Persarum</span> 
     </span>
     <span class='ocr_line' id='line_1_22' title="bbox 667 3355 2812 3438; baseline -0.001 -19"><span class='ocrx_word' id='word_1_135' title='bbox 667 3357 1021 3438; x_wconf 87' lang='lat' dir='ltr'>magnificis</span> <span class='ocrx_word' id='word_1_136' title='bbox 1091 3356 1380 3417; x_wconf 88' lang='lat' dir='ltr'>vestibus</span> <span class='ocrx_word' id='word_1_137' title='bbox 1453 3356 1661 3417; x_wconf 88' lang='lat' dir='ltr'>ornati</span> <span class='ocrx_word' id='word_1_138' title='bbox 1740 3357 1802 3416; x_wconf 91' lang='lat' dir='ltr'>in</span> <span class='ocrx_word' id='word_1_139' title='bbox 1871 3357 2245 3417; x_wconf 88' lang='lat' dir='ltr'>concionem</span> <span class='ocrx_word' id='word_1_140' title='bbox 2315 3355 2812 3417; x_wconf 88' lang='lat' dir='ltr'>Atheniensium</span> 
     </span>
     <span class='ocr_line' id='line_1_23' title="bbox 667 3481 1957 3564; baseline -0.002 -19"><span class='ocrx_word' id='word_1_141' title='bbox 667 3483 1158 3547; x_wconf 87' lang='lat' dir='ltr'>introducuntur</span> <span class='ocrx_word' id='word_1_142' title='bbox 1176 3533 1190 3560; x_wconf 89' lang='lat'><strong>,</strong></span> <span class='ocrx_word' id='word_1_143' title='bbox 1246 3502 1562 3564; x_wconf 91' lang='lat' dir='ltr'>praecone</span> <span class='ocrx_word' id='word_1_144' title='bbox 1606 3481 1957 3544; x_wconf 91' lang='lat' dir='ltr'>clamante:</span> 
     </span>
    </p>

    <p class='ocr_par' dir='ltr' id='par_1_10' title="bbox 1021 3619 2077 3706">
     <span class='ocr_line' id='line_1_24' title="bbox 1021 3619 2077 3706; baseline -0.001 -23"><span class='ocrx_word' id='word_1_145' title='bbox 1021 3624 1078 3684; x_wconf 75' lang='grc' dir='ltr'>οἱ</span> <span class='ocrx_word' id='word_1_146' title='bbox 1125 3620 1401 3706; x_wconf 83' lang='grc' dir='ltr'><em>πρέσβεις</em></span> <span class='ocrx_word' id='word_1_147' title='bbox 1445 3623 1499 3682; x_wconf 77' lang='grc' dir='ltr'>οἱ</span> <span class='ocrx_word' id='word_1_148' title='bbox 1541 3619 1710 3705; x_wconf 73' lang='grc' dir='ltr'><em>παρα</em></span> <span class='ocrx_word' id='word_1_149' title='bbox 1758 3619 2077 3701; x_wconf 85' lang='grc' dir='ltr'><em>βασιλέως,</em></span> 
     </span>
    </p>

    <p class='ocr_par' dir='ltr' id='par_1_11' title="bbox 752 3757 2815 3841">
     <span class='ocr_line' id='line_1_25' title="bbox 752 3757 2815 3841; baseline 0 -21"><span class='ocrx_word' id='word_1_150' title='bbox 752 3758 1165 3840; x_wconf 90' lang='lat' dir='ltr'>Dicaeopolis</span> <span class='ocrx_word' id='word_1_151' title='bbox 1224 3757 1499 3839; x_wconf 86' lang='lat' dir='ltr'>simplex</span> <span class='ocrx_word' id='word_1_152' title='bbox 1560 3757 1663 3819; x_wconf 91' lang='lat' dir='ltr'>ille</span> <span class='ocrx_word' id='word_1_153' title='bbox 1715 3759 1993 3839; x_wconf 85' lang='lat' dir='ltr'>agricola</span> <span class='ocrx_word' id='word_1_154' title='bbox 2042 3758 2479 3822; x_wconf 89' lang='lat' dir='ltr'>Acharnensis</span> <span class='ocrx_word' id='word_1_155' title='bbox 2526 3761 2815 3841; x_wconf 83' lang='lat' dir='ltr'>indigna-</span> 
     </span>
    </p>

    <p class='ocr_par' dir='ltr' id='par_1_12' title="bbox 661 3883 2388 4096">
     <span class='ocr_line' id='line_1_26' title="bbox 661 3883 1232 3947; baseline 0.005 -3"><span class='ocrx_word' id='word_1_156' title='bbox 661 3883 916 3945; x_wconf 90' lang='lat' dir='ltr'>bundus</span> <span class='ocrx_word' id='word_1_157' title='bbox 962 3883 1232 3947; x_wconf 90' lang='lat' dir='ltr'>clamat:</span> 
     </span>
     <span class='ocr_line' id='line_1_27' title="bbox 1017 4009 2388 4096; baseline 0.001 -24"><span class='ocrx_word' id='word_1_158' title='bbox 1017 4013 1176 4072; x_wconf 86' lang='grc' dir='ltr'><em>ποίου</em></span> <span class='ocrx_word' id='word_1_159' title='bbox 1223 4009 1558 4094; x_wconf 85' lang='grc' dir='ltr'><em>βασιλέως;</em></span> <span class='ocrx_word' id='word_1_160' title='bbox 1607 4009 1889 4091; x_wconf 76' lang='grc' dir='ltr'><em>ἄχθομαι</em></span> <span class='ocrx_word' id='word_1_161' title='bbox 1935 4013 2052 4089; x_wconf 79' lang='grc' dir='ltr'>’γὼ</span> <span class='ocrx_word' id='word_1_162' title='bbox 2105 4012 2388 4096; x_wconf 77' lang='grc' dir='ltr'><em>πρέσβεσι</em></span> 
     </span>
    </p>
   </div>
   <div class='ocr_carea' id='block_1_5' title="bbox 1015 4137 2361 4220">
    <p class='ocr_par' dir='ltr' id='par_1_13' title="bbox 1015 4137 2361 4220">
     <span class='ocr_line' id='line_1_28' title="bbox 1015 4137 2361 4220; baseline 0.004 -22"><span class='ocrx_word' id='word_1_163' title='bbox 1015 4141 1124 4200; x_wconf 73' lang='grc' dir='ltr'>καὶ</span> <span class='ocrx_word' id='word_1_164' title='bbox 1164 4145 1287 4209; x_wconf 77' lang='grc' dir='ltr'><em>τοῖς</em></span> <span class='ocrx_word' id='word_1_165' title='bbox 1332 4145 1522 4201; x_wconf 76' lang='grc' dir='ltr'><em>ταῶσι</em></span> <span class='ocrx_word' id='word_1_166' title='bbox 1566 4145 1688 4209; x_wconf 74' lang='grc' dir='ltr'><em>τοῖὶς</em></span> <span class='ocrx_word' id='word_1_167' title='bbox 1734 4139 1793 4201; x_wconf 90' lang='grc' dir='ltr'>τ’</span> <span class='ocrx_word' id='word_1_168' title='bbox 1850 4137 2361 4220; x_wconf 78' lang='grc' dir='ltr'><em>ἀλαζονεύμασιν.</em></span> 
     </span>
    </p>
   </div>
   <div class='ocr_carea' id='block_1_6' title="bbox 704 4269 988 4276">
    <p class='ocr_par' dir='ltr' id='par_1_14' title="bbox 704 4269 988 4276">
     <span class='ocr_line' id='line_1_29' title="bbox 704 4269 988 4276; baseline 0 858"><span class='ocrx_word' id='word_1_169' title='bbox 704 4269 988 4276; x_wconf 95' lang='lat' dir='ltr'> </span> 
     </span>
    </p>
   </div>
   <div class='ocr_carea' id='block_1_7' title="bbox 724 4351 2754 4420">
    <p class='ocr_par' dir='ltr' id='par_1_15' title="bbox 724 4351 2754 4420">
     <span class='ocr_line' id='line_1_30' title="bbox 724 4351 2754 4420; baseline 0.004 -23"><span class='ocrx_word' id='word_1_170' title='bbox 724 4351 801 4417; x_wconf 90' lang='lat'>(¹)</span> <span class='ocrx_word' id='word_1_171' title='bbox 835 4351 972 4413; x_wconf 85' lang='lat' dir='ltr'>Quid</span> <span class='ocrx_word' id='word_1_172' title='bbox 1008 4352 1072 4399; x_wconf 84' lang='lat' dir='ltr'>sit</span> <span class='ocrx_word' id='word_1_173' title='bbox 1105 4357 1268 4418; x_wconf 78' lang='grc' dir='ltr'><em>βάτων</em></span> <span class='ocrx_word' id='word_1_174' title='bbox 1302 4368 1408 4400; x_wconf 90' lang='lat' dir='ltr'>non</span> <span class='ocrx_word' id='word_1_175' title='bbox 1442 4358 1597 4414; x_wconf 84' lang='lat' dir='ltr'>patet,</span> <span class='ocrx_word' id='word_1_176' title='bbox 1632 4359 1939 4416; x_wconf 84' lang='lat' dir='ltr'>quapropter</span> <span class='ocrx_word' id='word_1_177' title='bbox 1975 4353 2231 4400; x_wconf 86' lang='lat' dir='ltr'>Bentleius</span> <span class='ocrx_word' id='word_1_178' title='bbox 2266 4354 2521 4402; x_wconf 85' lang='lat' dir='ltr'>substituit</span> <span class='ocrx_word' id='word_1_179' title='bbox 2555 4361 2754 4420; x_wconf 75' lang='grc' dir='ltr'><em>φάττιον.</em></span> 
     </span>
    </p>
   </div>
  </div>
 </body>
</html>
