3317 5134
1573 467 1707 542 23'

625 673 764 734 Nos
806 673 1106 734 dicimus:
1155 693 1263 733 een
1308 670 1452 733 beer
1495 692 1624 734 van
1670 692 1778 733 een
1806 671 2082 754 jongen.

627 814 698 873 In
765 812 1052 893 episodio
1118 813 1246 874 iam
1303 833 1498 894 supra
1553 833 1592 874 a
1652 833 1758 875 me
1801 824 2311 877 commemorato
2357 816 2419 876 in
2463 815 2677 877 fabula

539 939 886 1019 Equitum,
933 939 995 999 in
1041 959 1174 1018 quo
1221 939 1505 1001 comicus
1552 938 1798 1020 stylum
1844 938 2113 1002 oraculis
2159 940 2488 1020 proprium
2536 941 2680 1003 ridi-

538 1065 678 1127 cule
716 1066 1018 1143 imitatur,
1056 1064 1253 1130 Cleon
1295 1087 1389 1128 VS.
1427 1080 1590 1145 1037
1626 1085 1699 1126 se
1737 1066 1949 1146 ipsum
1988 1065 2331 1147 designans
2354 1066 2676 1148 profatur:

716 1206 842 1266 ἔστι
887 1203 1076 1282 γυνὴ,
1124 1205 1288 1283 τέξει
1334 1203 1398 1266 δὲ
1444 1201 1627 1266 λέονθ’
1678 1205 1859 1288 ἱεραῖς
1906 1201 1965 1265 ἐν
2012 1200 2341 1280 Ἀθήναις,

717 1329 776 1400 ὃς
822 1331 952 1415 περὶ
993 1333 1102 1392 τοῦ
1146 1330 1337 1408 δήμου
1382 1335 1620 1399 πολλοῖς
1665 1330 1899 1408 κώνωψι
1944 1334 2279 1409 μαχεῖται.

537 1469 646 1549 qui
691 1489 808 1550 pro
855 1468 1097 1551 populo
1143 1479 1365 1531 contra
1412 1446 1650 1531 multos
1697 1468 1927 1565 culices
1973 1469 2307 1550 pugnabit.

1416 1752 1811 1817 AVES.

627 1894 950 1977 Quoniam
1011 1891 1172 1956 haec
1232 1892 1529 1955 animalia
1588 1902 1823 1974 poetae
1870 1894 2201 1954 materiem
2248 1893 2681 1974 praebuerunt

538 2020 736 2082 totius
760 2017 1011 2080 fabulae
1026 2018 1369 2094 faciendae,
1398 2028 1495 2080 est
1518 2038 1800 2099 aequum
1823 2018 2337 2099 comparationes
2362 2038 2446 2079 ex
2464 2018 2680 2080 avium

541 2144 673 2205 vita
717 2145 981 2226 petitaS,
1031 2164 1199 2223 quae
1244 2144 1306 2204 in
1353 2141 1474 2205 hac
1521 2142 1754 2221 fabula,
1806 2144 2055 2205 Avium
2101 2144 2275 2218 dico,
2324 2155 2684 2236 occurrunt,

543 2270 778 2349 primas
836 2292 874 2332 a
921 2269 1106 2331 nobis
1151 2271 1428 2332 tractari.

626 2397 741 2458 Vs,
800 2395 914 2474 165
966 2394 1364 2458 Pithetaerus
1411 2396 1544 2476 regi
1589 2396 1783 2477 epopi
1830 2396 2090 2458 suadet:

891 2534 978 2613 μὴ
1027 2530 1399 2619 περιπέτεσθε
1446 2536 1749 2613 πανταχῇ
1795 2536 2140 2614 κεχηνότες·

895 2662 970 2731 ὡς
1015 2657 1182 2722 τοῦτ’
1231 2661 1455 2740 ἄτιμον
1499 2662 1755 2744 τοῦργον
1802 2663 1982 2721 ἐστίν·
2038 2659 2264 2722 αὐτίκα

895 2785 1028 2848 ἐκεῖ
1060 2787 1200 2871 παρ’
1251 2788 1394 2864 ἡμῖν
1439 2785 1576 2856 τοὺς
1621 2786 1983 2865 πετομένους
2029 2784 2096 2861 ἢν
2142 2789 2258 2871 ἔρῃ·

896 2915 1030 2990 ,.,τίς
1077 2915 1219 2997 ὅρνις
1265 2908 1512 2986 οὗτος;“’
1561 2914 1593 2973 0‘
1637 2910 1878 2982 Τελέας
1927 2910 2054 2997 ἐρεῖ
2082 2912 2257 2974 ταδί·

892 3036 1230 3124 ,,ο’ὶνθρωπος
1277 3041 1422 3122 ὅρνις
1467 3034 1865 3116 ἀστάθμητος
1914 3039 2240 3117 πετόμενος

892 3162 1302 3249 ἀτέκμαρτος,
1349 3162 1514 3226 οὐδὲν
1559 3162 1827 3226 οὐδέποτ’
1877 3162 1938 3226 ἐν
1990 3161 2199 3242 ταύτῷ
2245 3165 2500 3244 μένων.”

627 3305 740 3367 Vs,
799 3303 917 3384 167
967 3314 1033 3367 et
1088 3304 1207 3366 168
1259 3304 1486 3365 misere
1533 3312 1685 3365 sunt
1730 3303 2026 3384 corrupti.
2088 3302 2413 3366 Coniicere
2463 3312 2682 3365 autem

539 3429 682 3494 licet
727 3431 994 3493 Teleam
1031 3430 1207 3492 illurn
1248 3451 1376 3492 non
1426 3450 1566 3492 esse
1612 3428 1958 3490 derisorem
2004 3428 2118 3490 sed
2157 3429 2370 3510 ipsum
2395 3428 2681 3512 derideri,

538 3557 628 3618 ita
673 3567 745 3619 ut
789 3577 1013 3618 versus
1060 3565 1402 3637 sequentes
1446 3555 1530 3616 ad
1575 3576 1726 3617 eum
1772 3556 1900 3618 sint
1945 3554 2287 3617 referendi:

626 3683 891 3762 „Homo
952 3681 1213 3743 volucer
1274 3681 1583 3744 instabilis
1641 3680 1768 3744 huc
1813 3681 1958 3744 illuc
2002 3683 2278 3745 volitans
2326 3682 2681 3744 inconside-

541 3819 748 3886 ratuS‚
798 3829 1154 3890 numquam
1200 3809 1263 3870 in
1309 3807 1539 3870 eodem
1583 3805 2031 3889 permanenS.''

627 3947 950 4028 Compara
994 3945 1158 4009 Pluti
1204 3966 1298 4009 vs,
1352 3958 1496 4025 574,
1548 3946 1655 4007 ubi
1702 3946 1895 4007 Penia
1941 3946 2124 4008 dicit:

1135 4069 1429 4156 φλυαρεῖς
1474 4074 1581 4133 καὶ
1624 4067 2029 4156 πτερυγίζεις.

626 4211 852 4292 Nugas
914 4212 1086 4293 agie,
1148 4210 1262 4273 alis
1321 4211 1583 4293 quidem
1633 4208 2052 4271 vehementer
2094 4211 2325 4290 strepis
2377 4210 2490 4271 sed
2536 4209 2688 4272 nihil

540 4334 750 4400 efficis·
