3317 5134
1549 454 1620 518 51

521 650 576 709 ei
637 648 1058 726 videbuntur,
1127 649 1326 712 veluti
1387 649 1472 711 ab
1552 651 1747 711 ebriis
1791 649 2159 712 hominibus
2221 651 2405 712 facta.
2468 649 2666 711 Paulo

520 785 667 856 post
709 797 800 838 VS.
865 794 984 855 143
1033 777 1116 838 de
1159 777 1387 838 iisdem
1434 776 1692 839 dicitur:

1056 904 1460 987 λοιδοροῦνταί
1501 900 1571 981 γ’
1619 907 1809 990 ὥσπερ
1859 905 2311 982 ἐμπεπωκότες,

892 1031 1002 1090 καὶ
1042 1029 1146 1092 τὸν
1193 1026 1558 1114 παροινοῦντ’
1605 1027 1915 1115 ὲκφέρουσ’
1955 1033 2009 1091 οἱ
2042 1029 2314 1106 τοξόται.

519 1142 684 1202 inter
753 1161 822 1203 se
907 1142 1348 1206 conviciantur
1431 1145 1615 1223 quasi
1705 1143 1870 1204 bene
1953 1143 2211 1224 appoti,
2281 1142 2669 1204 temulentos

517 1275 735 1330 autem
781 1267 1256 1332 debacchantes
1305 1267 1592 1350 Scythae
1638 1290 1674 1331 e
1721 1280 1912 1333 coetu
1958 1269 2248 1331 efferunt.

608 1443 785 1508 Nota
830 1445 1105 1522 locutiO,
1153 1465 1324 1527 quae
1370 1445 1555 1509 nobis
1600 1466 1865 1528 quoque
1900 1467 2028 1508 non
2069 1446 2273 1508 aliena
2297 1456 2413 1522 est,
2439 1445 2673 1525 legitur

520 1570 686 1634 Plut.
732 1592 828 1633 vs,
891 1573 1094 1650 1085:

877 1699 1038 1777 ὅμως
1082 1695 1135 1759 δ’
1186 1697 1380 1771 ἐπειδὴ
1427 1701 1537 1761 καὶ
1577 1697 1681 1761 τὸν
1726 1697 1869 1760 οἶνον
1914 1697 2111 1776 ἠξίους

874 1828 1071 1897 πίνειν,
1121 1827 1480 1904 ξυνεκποτέ’
1534 1824 1667 1888 ἐστ-ί
1707 1847 1793 1888 σοι
1838 1827 1947 1887 καῖ
1985 1826 2094 1903 τὴν
2131 1828 2357 1910 τρύγα.

520 1960 773 2042 Quibus
813 1965 1026 2026 verbis
1081 1964 1482 2046 significatur
1516 1967 1588 2042 is,
1631 1966 1741 2046 qui
1783 1964 1973 2026 rebus
2008 1964 2383 2026 dulcissimis
2425 1964 2667 2040 fruituS,

513 2088 856 2151 iniucunda
927 2111 1190 2172 quoque
1251 2091 1527 2153 tolerare
1587 2091 1804 2153 debet.
1873 2090 1965 2154 Cf.
2014 2089 2309 2170 Theogn.
2358 2111 2446 2152 vs
2504 2102 2666 2169 255:

741 2218 952 2296 τόλμα
1001 2214 1208 2303 Κύρνε
1256 2222 1520 2279 κακοῖσιν
1568 2215 1696 2278 ἐπεὶ
1740 2213 2075 2278 κασθλοῖσιν
2122 2219 2387 2302 ἔχαιρες.

606 2340 755 2401 Non
825 2340 1080 2404 inficete
1149 2341 1522 2423 Aeschylus
1592 2342 1756 2405 Plut.
1821 2363 1916 2404 vs,
1989 2361 2012 2404 1
2036 2356 2157 2420 150
2218 2342 2456 2423 frigidis
2519 2343 2668 2404 iocis

512 2466 731 2528 arbitri
778 2467 1053 2548 Dionysi
1101 2469 1188 2530 ita
1235 2468 1625 2549 respondet:

959 2593 1243 2665 Διόνυσε,
1293 2597 1473 2663 πίνεις
1518 2591 1664 2655 οἶνον
1710 2589 2193 2672 οὐκ-ἀνθοσμίαν

511 2743 838 2824 Dionyse,
887 2764 1016 2805 non
1064 2744 1351 2825 fragrans
1400 2746 1621 2807 vinum
1668 2753 1881 2826 potas,

601 2931 768 2995 Cum
817 2933 1046 2994 edendi
1092 2953 1168 2994 ac
1206 2933 1466 2995 bibendi
1493 2933 1989 3015 occupationem
2018 2934 2146 2995 iam
2176 2935 2437 2997 missam
2463 2933 2667 2996 facere

509 3059 866 3139 possimuS,
936 3058 1254 3121 adibimus
1324 3060 1451 3121 iam
1514 3079 1626 3136 ea,
1678 3079 1845 3140 quae
1893 3059 2190 3124 eduntur.
2239 3059 2449 3141 Saepe
2495 3061 2663 3122 enim

509 3194 730 3247 noster
778 3185 983 3246 varias
1029 3204 1128 3247 res
1175 3194 1511 3266 comparat
1575 3205 1725 3246 cum
1772 3184 1916 3246 cibo
1962 3185 2177 3266 aliquo
2223 3186 2325 3247 vel
2371 3186 2662 3248 obsonIO.

506 3312 654 3373 Pac.
703 3331 778 3372 vs
852 3324 972 3391 595
1025 3311 1206 3373 Deae
1250 3311 1397 3372 Paci
1443 3331 1482 3372 a
1528 3309 1726 3372 choro
1775 3311 2008 3372 blande
2053 3311 2309 3374 dicitur:

778 3442 903 3507 τοῖς
949 3434 1306 3522 ἀγροίκοισιν
1352 3435 1480 3521 γαρ
1527 3433 1677 3512 ἦσθα
1727 3438 1923 3522 χῖδρα
1970 3440 2074 3498 καὶ
2118 3442 2398 3522 σωτηρία.

508 3562 705 3646 χῖδρα
762 3563 1169 3643 pulmentum
1232 3571 1368 3625 erat
1428 3583 1512 3624 ex
1559 3562 1757 3625 farina
1803 3565 2047 3626 triticea
2092 3573 2389 3644 paratum
2442 3562 2658 3649 (μᾶζα

507 3697 728 3750 autem
798 3708 882 3750 ex
951 3688 1148 3750 farina
1214 3687 1573 3751 hordeacea
1647 3691 1962 3771 paratur.)
2032 3690 2355 3772 Compara
2404 3702 2658 3758 nostra:

507 3810 976 3894 broodnoodzgj
1027 3813 1225 3875 broad
1275 3812 1386 3875 des
1449 3812 1676 3876 levem.

597 3937 795 4000 Paulo
860 3947 1044 4017 ante,
1109 3960 1201 4004 vs,
1258 3939 1376 4018 565
1444 3941 1829 4002 Mercurium
1878 3961 2007 4002 non
2058 3942 2419 4005 inconsulto
2465 3954 2659 4025 poeta

509 4062 656 4125 facit
701 4063 1215 4130 exclamantem:

685 4187 729 4249 ὦ
781 4186 1098 4262 Πόσειδον,
1147 4192 1222 4261 ὡς
1266 4191 1452 4253 καλὸν
1498 4191 1566 4254 τὸ
1612 4191 1830 4272 στῖφος
1875 4192 2075 4255 αὐτῶν
2121 4192 2414 4274 φαίνεται

684 4318 791 4375 καὶ
832 4316 1044 4378 πυκνὸν
1089 4319 1198 4378 καὶ
1238 4317 1465 4402 γοργὸν
1512 4322 1702 4398 ὥσπερ
1749 4316 1933 4400 μᾶζα
1979 4321 2084 4381 καὶ
2129 4322 2478 4384 πανδαισία.
