3317 5134
1692 476 1777 524 20

759 669 926 734 Cum
995 671 1054 732 in
1129 670 1343 732 fabula
1407 669 1924 733 Acharnensium
1970 670 2255 731 Boeotus
2319 677 2637 731 mercator
2694 689 2811 748 pro

667 795 984 857 mercibus
1030 797 1161 857 suis
1200 797 1474 858 invicem
1516 795 1769 877 aliquid⁴
1791 805 1998 877 rogat,
2042 795 2218 876 quod
2244 793 2524 857 Athenis
2547 794 2809 875 quidem

663 924 776 1000 sit,
843 925 906 984 in
952 924 1222 985 Boeotia
1267 933 1487 986 autem
1536 943 1665 984 non
1718 923 1832 994 sit,
1872 944 1966 985 VS.
2010 939 2143 1002 904
2179 919 2621 1001 Dicaeopolidi
2661 919 2810 980 felix

662 1051 726 1111 in
775 1058 1059 1111 mentem
1105 1050 1282 1111 venit
1335 1050 1702 1111 inventum:

1147 1196 1353 1277 ἐγῷδα
1415 1203 1626 1261 τοίνυν·
1690 1195 2078 1278 συκοφάντην
2124 1198 2323 1276 ἔξαγε

1143 1329 1333 1410 ὥσπερ
1378 1327 1642 1409 κέραμον
1690 1323 2104 1403 ἐνδησάμενος.

754 1501 1040 1563 Boeotus
1087 1502 1222 1562 eius
1267 1501 1602 1563 consilium
1650 1499 1749 1563 his
1786 1500 1998 1561 verbis
2038 1498 2391 1580 approbat:

2115 1653 2201 1712 νεῖ
2235 1651 2321 1712 τὼ
2360 1646 2473 1720 θιὼ,

993 1777 1253 1859 λάβοιμι
1297 1777 1534 1857 μεντοῖν
1581 1778 1778 1862 κέρδος
1823 1775 2097 1855 ἀγαγὼν
2128 1779 2251 1838 καὶ
2291 1776 2475 1847 πολι),

975 1902 1127 1990 ᾇπερ
1176 1902 1422 1967 πίθακον
1471 1902 1751 1990 ἀλιτρίας
1796 1908 2027 1974 πολλοῖς
2074 1904 2287 1966 πλέων.

753 2084 851 2144 Ita
922 2102 1026 2143 me
1102 2083 1167 2143 di
1243 2092 1495 2159 ament,
1567 2081 1843 2144 multum
1906 2081 2153 2142 lucrum
2220 2080 2475 2156 faciam,
2562 2081 2613 2140 si
2682 2077 2807 2141 hoc

666 2217 945 2270 taetrum
1009 2207 1246 2269 animal
1297 2206 1665 2270 hominibus
1712 2207 2118 2268 ostenderim.
2168 2206 2242 2267 cf.
2294 2203 2461 2267 Ach.
2514 2224 2605 2265 vs,
2664 2219 2801 2266 120.

666 2331 911 2394 Archil.
959 2333 1031 2395 fr.
1083 2336 1185 2414 89.

747 2459 870 2540 Eq.
937 2481 1030 2521 vs,
1097 2461 1225 2538 887
1287 2460 1625 2522 frustratus
1682 2457 2031 2540 PaphlagO,
2081 2477 2229 2519 cum
2276 2456 2629 2518 botularius
2674 2454 2801 2516 cal-

657 2583 795 2645 lidis
844 2584 1296 2646 blandimentis
1343 2585 1580 2646 morosi
1625 2583 1865 2644 domini
1904 2583 2187 2644 favorem
2218 2590 2459 2663 captat,
2484 2581 2801 2661 queritur:

923 2750 1076 2827 οἴμοι
1122 2748 1362 2820 τάλας,
1411 2751 1543 2818 οἷὀις
1588 2747 1952 2826 πιθηκισμοῖς
1996 2771 2078 2828 με
2125 2749 2538 2832 περιελαύνεις.

747 2923 1027 3004 „Simiae
1095 2924 1375 2987 artificiis
1445 2945 1550 2987 me
1628 2923 2110 2988 circumveni5.''
2203 2926 2323 2986 Pro
2412 2925 2804 3008 περιελαύνεις

655 3048 868 3129 legere
937 3047 1155 3109 malim
1227 3051 1610 3134 περιελαύνει.
1678 3050 1877 3113 Verbi
1940 3069 2212 3130 persona
2274 3049 2363 3110 sic
2425 3057 2677 3110 mutata
2736 3066 2804 3106 se

657 3173 868 3252 ipsum
938 3166 1310 3254 alloquitur,
1383 3175 1434 3235 si
1505 3174 1943 3236 adversarium
2012 3175 2181 3235 enim
2247 3174 2560 3235 allocutus
2607 3181 2801 3248 esset,

655 3316 784 3357 non
854 3298 1222 3378 incepisset,
1295 3300 1519 3377 credo,
1589 3300 1802 3361 verbis
1870 3302 2026 3378 οἴμοι
2113 3298 2319 3368 τάλας
2416 3298 2528 3359 sed
2588 3299 2802 3379 potius

659 3423 947 3484 convicio
993 3422 1228 3503 aliquo,

1117 3654 1371 3742 Μιαρός
1416 3655 1674 3735 ἀλώπηξ
1714 3655 1832 3719 ὀἷον
1878 3653 2193 3738 ε’πιθηκιζέ
2235 3680 2358 3736 μοι.

657 3845 754 3908 his
800 3845 1011 3907 verbis
1055 3843 1320 3906 Thesm.
1370 3865 1462 3906 vs,
1515 3861 1671 3923 1131
1726 3841 1974 3924 Scytha
2017 3845 2327 3927 Euripidi,
2376 3847 2485 3926 qui
2507 3865 2798 3907 socerum

658 3969 924 4031 liberare
972 3969 1224 4046 studet,
1272 3971 1685 4033 conviciatur.

755 4193 920 4256 Cum
968 4195 1030 4254 in
1078 4193 1294 4255 fabula
1343 4195 1523 4256 Pacis
1571 4205 1755 4257 vates
1801 4195 2131 4257 Hierocles
2171 4197 2232 4257 in
2273 4217 2529 4258 scenam
2569 4197 2799 4277 prodit,

658 4318 877 4379 statim
940 4318 1237 4379 nimirum
1302 4318 1487 4379 nobis
1547 4339 1697 4379 suas
1742 4321 2253 4400 comparationes
2299 4341 2385 4382 ex
2429 4321 2798 4384 animalium
