3317 5134
1549 446 1626 508 61

621 630 768 691 Non
829 629 1015 692 alieni
1068 630 1153 692 ab
1215 629 1336 693 hac
1381 633 1540 694 serie
1584 641 1735 696 sunt
1783 633 2069 695 Nubium
2119 653 2340 694 versus
2395 646 2560 712 1357
2610 643 2675 696 et

542 759 742 835 1358,
811 777 976 838 quos
1046 758 1172 817 iam
1241 777 1432 838 supra
1501 758 1774 820 laudavi.
1860 759 2135 837 „Filium
2202 761 2351 822 iussi
2414 770 2676 822 cantare

531 902 786 944 carmen
833 883 1092 965 aliquod
1138 881 1540 959 Simonidis'’,
1588 881 1988 964 Strepsiades
2034 895 2281 962 narrat,

709 1012 740 1070 ὁ
785 1009 837 1069 δ’
886 1007 1091 1079 εὐθέως
1134 1006 1395 1094 ἀρχαῖον
1439 1006 1539 1071 εἶν’
1587 1007 1823 1089 ἔφασκε
1866 1012 1935 1073 τὸ
1975 1008 2287 1096 κιθαρίζειν

711 1134 873 1212 ᾄδειν
935 1159 1004 1198 τε
1049 1133 1258 1198 πίνονθ’
1307 1139 1512 1222 cim-spei
1554 1137 1792 1221 κάχρυς
1836 1137 2077 1215 γυναῖκ’
2124 1135 2410 1200 ἀλοῦσαν.

536 1303 821 1364 aniculae
889 1313 988 1366 est
1061 1303 1301 1366 hordea
1373 1291 1689 1365 molentis‘
1752 1303 2039 1365 tremulis
2112 1304 2303 1366 labris
2370 1307 2675 1367 continuo

536 1427 896 1491 obsoletam
943 1429 1224 1510 aliquam
1272 1429 1658 1492 cantilenam
1708 1449 2125 1492 murmurare.

626 1669 791 1733 Cum
855 1669 1053 1731 semel
1115 1671 1175 1730 in
1238 1669 1516 1733 culinam
1579 1671 2091 1750 pervenerimuS‚
2161 1671 2287 1732 iam
2350 1672 2680 1735 videamus

537 1797 690 1878 quid
737 1795 924 1858 huius
968 1797 1090 1857 loci
1136 1804 1366 1876 caput,
1415 1797 1741 1870 caminuS,
1790 1795 1873 1857 ad
1922 1815 2039 1856 nos
2085 1797 2370 1859 attineat.

539 1923 710 1984 Nub.
761 1943 854 1984 vs,
901 1921 990 2002 96
1034 1921 1311 2002 agricola
1372 1918 1776 2002 Strepsiades
1837 1921 1918 1982 de
1975 1920 2173 1983 domo
2237 1923 2337 1985 illa
2398 1923 2680 1987 Socratis

540 2055 754 2109 narrat
774 2066 788 2108 :

891 2209 1129 2274 ἐνταῦθ’
1171 2210 1442 2272 ἐνοικοῦσ’
1489 2210 1729 2294 ἄνδρες,
1777 2209 1837 2270 02⁸
1870 2209 1974 2271 τὸν
2015 2207 2253 2293 οὐρανὸν

894 2338 1181 2416 λέγοντες
1225 2334 1630 2399 ἀναπείθουσιν
1675 2337 1751 2405 ὡς
1795 2337 1953 2398 ἔστιν
1997 2336 2241 2412 muys&

894 2467 1108 2526 κᾶστιν
1153 2465 1284 2548 περὶ
1326 2463 1491 2540 ἡμᾶς
1537 2459 1739 2532 οὗτος,
1789 2463 1961 2540 ἡμεῖς
2007 2457 2370 2546 δ’ἅνθρακες.

543 2691 653 2754 Ad
698 2689 857 2752 haec
903 2688 1244 2751 scholiasta
1292 2697 1595 2751 annotat:
1638 2689 1810 2765 ἡμεῖς
1851 2685 1901 2748 δ’
1944 2684 2264 2771 ἄνθρακες,
2314 2685 2412 2748 δια
2467 2685 2535 2749 τὸ
2575 2687 2682 2750 ὑπὸ

542 2821 702 2893 ἡλίου
747 2814 1180 2901 θερμαίνεσθαι.
1228 2817 1434 2877 ταῦτα
1474 2813 1537 2875 δὲ
1586 2817 1859 2898 πρότερος
1906 2811 2169 2898 Κράτης
2216 2819 2276 2876 ὲν
2322 2811 2684 2885 Πανόπταις

542 2945 816 3030 δράματι
877 2945 1004 3028 περὶ
1050 2941 1334 3011 Ἱππῶνος
1379 2939 1484 3003 τοῦ
1529 2936 1865 3031 φιλοσόφον
1913 2940 2208 3018 κωμῳδῶν
2256 2938 2441 3002 αὐτὸν
2490 2942 2683 3018 λέγει.

541 3072 719 3151 Ergo
789 3069 912 3132 hoc
967 3069 1109 3131 loco
1169 3089 1464 3150 quoque,
1531 3075 1601 3128 ut
1668 3086 1783 3146 per
1848 3075 2055 3128 totam
2125 3064 2291 3128 hanc
2366 3066 2681 3143 fabulam,

543 3206 734 3278 poeta
779 3197 948 3258 dicta
985 3216 1060 3257 ac
1100 3195 1267 3257 facta
1306 3194 1577 3256 aliorum
1600 3190 2133 3273 philosophorum
2159 3202 2225 3256 et
2250 3191 2682 3273 sophistarum

545 3325 650 3384 uni
717 3322 995 3400 Socrati,
1067 3323 1248 3383 cuius
1310 3341 1427 3382 nec
1482 3319 1877 3400 probitatem
1940 3338 2057 3379 nec
2100 3318 2458 3380 doctrinam
2504 3319 2686 3381 intel-

544 3447 787 3510 lexerat
805 3498 820 3524 ,
870 3447 1179 3510 obtrudit.

634 3689 765 3750 Av.
836 3707 930 3748 vs,
1012 3703 1178 3750 1000
1246 3695 1441 3767 poeta
1509 3693 1889 3765 geometren
1960 3684 2326 3759 Metonem,
2396 3685 2497 3745 cui
2557 3706 2685 3748 non

545 3814 731 3875 valde
777 3814 1020 3874 amicus
1066 3822 1236 3886 erat,
1286 3812 1515 3874 eodem
1564 3811 1760 3872 modo
1806 3810 1953 3872 facit
1999 3810 2351 3872 dicentem:

942 3938 1166 4001 αὐτίκα
1214 3939 1342 4024 γαρ
1390 3937 1503 4024 ἀήρ
1552 3937 1679 4000 ἐστι
1726 3938 1834 4014 τὴν
1883 3938 2046 3998 ἰδέαν
2092 3939 2222 4005 ὅλος

942 4065 1111 4128 κατὰ
1159 4067 1380 4143 πνιγέα
1426 4064 1732 4144 μάλιστα.

547 4319 617 4380 Α
663 4319 915 4380 camino
963 4318 1128 4380 ultro
1170 4317 1578 4399 pervenimus
1626 4315 1709 4377 ad
1756 4316 1994 4395 ignem.
