3317 5134
1691 479 1769 543 52

666 673 727 736 Ο
788 674 1124 755 Neptune,
1189 695 1387 755 quam
1453 673 1721 757 pulchra
1784 675 2095 757 adspectu
2160 695 2384 736 eorum
2433 673 2503 760 (i.
2532 696 2586 737 e.
2638 675 2812 756 pacis

664 798 1049 885 amantium)
1096 803 1388 866 caterva!
1440 822 1636 882 quam
1686 771 1884 863 densa
1932 811 1997 864 et
2039 811 2401 882 compacta,
2426 800 2603 862 velut
2630 820 2813 862 maza

667 936 732 989 et
797 947 998 988 coena
1066 927 1410 989 collatitia!
1477 927 1626 988 Non
1691 927 2051 990 inconsulto
2114 937 2378 1007 poetam
2422 925 2813 987 Mercurium

665 1052 791 1115 hoc
849 1053 1321 1116 exclamantem
1385 1053 1588 1115 facere
1634 1053 1788 1115 dixi.
1837 1053 2100 1115 Etenim
2147 1052 2424 1115 indicare
2469 1052 2608 1114 vult
2655 1051 2816 1113 inter

667 1187 1062 1260 spectatores
1107 1199 1369 1260 quoque
1416 1200 1560 1257 eOS,
1611 1180 1721 1260 qui
1768 1199 1994 1260 pacem
2044 1179 2176 1240 fieri
2224 1145 2542 1259 gestiunt,
2610 1177 2815 1239 multo

667 1304 880 1385 plures
924 1324 1064 1366 esse
1111 1325 1307 1386 quam
1354 1329 1392 1368 a
1443 1305 1769 1386 plerisque
1808 1305 2053 1367 civibus
2100 1305 2563 1367 existimentur.

759 1495 1226 1575 Fragmentum
1293 1494 1422 1574 236
1483 1495 1770 1557 continet
1815 1494 1979 1555 duos
2024 1514 2247 1556 versus
2294 1494 2376 1555 de
2425 1493 2815 1574 mulieribuS‚

669 1621 978 1702 Euripide
1022 1621 1287 1702 dignos:

1026 1744 1276 1818 Ποέσαις
1322 1748 1603 1825 γυναιξὶν
1653 1745 1722 1825 ἐξ
1770 1727 1893 1816 ἑνός
1940 1748 2025 1824 γέ
2069 1769 2175 1809 του
2222 1749 2434 1831 τρόπου

1025 1876 1215 1957 ὥσπερ
1263 1873 1519 1958 παροψὶς
1565 1873 1786 1952 μοιχὸς
1833 1874 2287 1952 ἐσκευασμένος.

673 2023 992 2086 Omnibus
1060 2023 1430 2086 mulieribus
1497 2025 1767 2105 pariter,
1841 2023 2038 2086 veluti
2106 1995 2449 2086 obsonium
2512 2019 2819 2082 moechus

673 2149 771 2212 est
816 2159 1100 2231 paratus,

761 2277 960 2356 Vesp.
1007 2297 1100 2337 vs,
1164 2293 1288 2356 491
1358 2275 1767 2356 Bdelycleon,
1815 2296 1963 2337 cum
2023 2274 2436 2337 heliastarum
2485 2272 2718 2336 chorus
2766 2273 2823 2334 ei

675 2401 888 2463 obiicit
936 2401 1111 2482 quod
1156 2401 1238 2462 ad
1285 2401 1630 2482 tyrannida
1676 2403 1847 2464 viam
1894 2400 2185 2478 affectat,
2233 2401 2551 2482 queritur:
2649 2391 2655 2394 ’

851 2529 927 2596 ὡς
975 2525 1192 2589 ἅπανθ’
1245 2529 1388 2606 ἡμῖν
1434 2532 1706 2613 τυραννίς
1754 2526 1880 2589 ἐστι
1926 2529 2033 2589 καὶ
2075 2528 2443 2606 ξυνωμόται.

853 2659 922 2729 ἥν
967 2676 1037 2716 τε
1084 2651 1295 2734 μεῖζον
1340 2658 1408 2729 ἥν
1453 2655 1510 2716 τ’
1561 2657 1823 2717 ἔλαττον
1870 2657 2143 2740 πρᾶγμα
2194 2676 2285 2724 τις
2322 2655 2673 2737 κατηγορῇ,

853 2779 920 2859 ἧς
967 2781 1091 2859 ἐγὼ
1137 2780 1237 2843 οὐκ
1283 2785 1505 2856 ἥκουσα
1555 2781 1796 2860 τοῦνομ’
1846 2780 1977 2842 οὐδὲ
2022 2777 2367 2857 πεντήκοντ’
2418 2778 2585 2840 ἑτῶν·

854 2904 953 2969 νῦν
997 2907 1061 2968 δὲ
1107 2912 1308 2985 πολλῷ
1355 2903 1462 2968 τοῦ
1506 2911 1800 2992 ταρίχους
1849 2905 2008 2970 ἕστίν
2056 2904 2379 2992 ἀξιωτέρα,

678 3061 901 3138 „cuius
946 3058 1355 3145 (tyrannidis)
1411 3080 1646 3120 nomen
1712 3060 2183 3140 quinquaginta
2244 3059 2425 3120 annis
2487 3077 2567 3118 ne
2628 3055 2824 3117 semel

677 3185 936 3266 quidem
960 3186 1193 3263 audivi,
1216 3205 1387 3248 nunc
1410 3186 1811 3248 salsamentis
1835 3185 2017 3246 vilior
2042 3183 2203 3247 est.''
2230 3185 2481 3246 Notum
2506 3193 2604 3246 est
2629 3182 2825 3243 salsa-

681 3321 926 3388 menta,
977 3331 1252 3392 quorum
1300 3331 1538 3392 magna
1583 3311 1768 3392 copia
1818 3311 2192 3391 praesertim
2240 3330 2276 3371 e
2315 3310 2522 3371 Ponto
2562 3309 2825 3371 Euxino

679 3436 1187 3517 importabatur2
1252 3446 1517 3518 propter
1590 3435 1902 3498 vilitatem
1973 3435 2418 3517 paupellorum
2488 3434 2825 3497 hominum

679 3563 1122 3643 quotidianum
1171 3562 1388 3625 cibum
1437 3560 1645 3622 fuisse.

767 3688 1190 3768 „Pestilentus
1234 3689 1352 3750 iste
1398 3683 1822 3749 scarabaeus’'
1873 3706 2096 3748 servus
2141 3687 2287 3748 Pac.
2334 3707 2426 3749 VS.
2472 3687 2553 3747 28
2596 3683 2826 3746 vocife-

678 3825 855 3878 ratur
910 3835 1074 3891 „non
1121 3822 1220 3876 est
1264 3822 1642 3890 contentuS,

1035 3938 1102 4016 ἢν
1147 3941 1236 4019 μὴ
1282 3935 1527 4024 παραθῶ
1571 3940 1796 4023 τρίψας
1845 3937 1916 3999 δι’
1966 3939 2194 4022 ἡμέρας
2241 3939 2414 4014 ὅλης,

1032 4068 1222 4149 ὥσπερ
1268 4066 1516 4143 γυναικὶ
1556 4065 1889 4141 γογγύλην
1936 4063 2380 4142 μεμαγμένην·

681 4217 798 4277 nisi
844 4236 956 4297 per
1001 4224 1215 4278 toturn
1263 4216 1468 4292 diem,
1531 4223 1867 4295 tamquam
1925 4213 2201 4288 mulieri,
2251 4212 2307 4272 ei
2353 4229 2680 4291 apponam
2726 4218 2827 4270 tu-

681 4341 952 4402 rundam
998 4342 1235 4403 tritam.
1284 4338 1452 4428 (Nos
1499 4339 1887 4401 diceremus:
1934 4337 2039 4400 als
2083 4357 2193 4398 een
2231 4333 2585 4418 y’uffertje.)
